4990 6456
1157 527 1174 584 9

195 737 379 822 profectum
403 753 472 799 esse
494 754 567 798 reor
589 733 645 819 qui
666 731 827 798 'lbeodori
849 731 1017 798 Prodromi
1040 733 1191 798 carminis
1217 729 1480 813 Γαλεομυομαχόι
1504 731 1645 796 numeris
1666 731 1811 800 iambicis
1832 733 1990 818 conpositi
2015 733 2069 820 (cs.
2092 733 2131 802 O.

197 845 244 908 D.
269 843 388 928 Ilgenii
411 841 532 926 Hymn.
556 841 649 905 Hom.
673 839 749 906 Hal.
775 840 878 926 1791)
900 875 944 890 -·
957 840 1045 906 vixit
1056 847 1164 906 autem
1183 839 1238 904 ille
1260 838 1443 904 duodecimo
1466 837 1568 903 medio
1591 835 1719 904 swoulo
1733 852 1773 890 -'-·
1787 859 1858 906 cum
1874 839 2035 928 Magnetis
2057 861 2132 929 poe-

197 951 298 1015 matis
321 949 517 1036 (Βάτραχοι,
546 947 661 1033 weg)
684 944 924 1011 similitudinem
947 944 1088 1012 indicare
1109 947 1259 1024 voluerit,
1290 949 1338 1012 ita
1366 953 1404 1011 ut
1433 945 1507 1010 olim
1530 944 1666 1010 Violarii
1689 945 1828 1034 margini
1855 947 1936 1012 talia
1964 947 2133 1036 adscripta

196 1057 302 1122 fuisse
324 1056 513 1122 videantur:
545 1053 663 1136 ὁμοίως
687 1053 740 1117 καί
766 1052 1054 1136 Γαλεομυομαγία.
1100 1054 1184 1118 Tum
1213 1055 1247 1117 in
1277 1052 1322 1139 gl.
1347 1075 1372 1118 e.
1398 1051 1623 1135 Πολόζιγλος
1652 1051 1779 1120 fabulae
1795 1053 1918 1138 Ἅροως
1948 1055 2042 1138 γοναί
2066 1077 2131 1122 me·

196 1165 335 1228 moriam
358 1165 392 1227 in
415 1162 507 1228 libris
530 1161 692 1229 Snidiauis
716 1160 809 1226 labile
839 1159 1020 1226 oblitterari
1051 1163 1206 1245 potuisse,
1238 1181 1310 1226 cum
1341 1162 1530 1246 praesertim
1561 1159 1741 1226 consimiles
1768 1159 1856 1225 tituli
1886 1163 2129 1248 praecesserint,

196 1271 405 1335 manifestum
428 1273 478 1336 est
501 1271 660 1355 (ceterum
683 1269 723 1336 of.
747 1268 929 1333 Msiuekiua
952 1265 991 1331 F.
1015 1265 1050 1332 C.
1075 1267 1116 1334 (l.
1141 1269 1168 1351 Ι,
1194 1275 1270 1352 261,
1293 1265 1525 1350 Bernhardyus
1548 1263 1588 1330 ad
1611 1267 1642 1331 b.
1666 1267 1739 1354 gl.)

310 1377 412 1442 Porro
426 1379 483 1442 vix
495 1383 556 1441 'est
571 1371 657 1462 quod
672 1377 707 1441 in
723 1375 833 1442 verbis
848 1397 874 1440 s.
891 1373 1086 1462 Παμφίλη,
1111 1373 1282 1462 φιλόσοφος
1299 1374 1352 1436 καί
1366 1373 1507 1457 ἱστορικὴ
1529 1372 1579 1457 (S.
1594 1373 1785 1459 simpliciter
1801 1375 1849 1440 ait
1863 1375 1961 1464 σοφὴ)
1984 1375 2039 1441 din
2056 1395 2131 1443 con·

196 1503 379 1548 moremur:
411 1502 547 1571 namque
570 1485 652 1548 satis
680 1481 819 1567 adparet
848 1480 958 1546 dedita
987 1501 1084 1566 opera
1107 1481 1281 1548 Eudociam
1310 1481 1470 1546 litteraria
1495 1479 1735 1546 eruditissimae
1763 1480 1907 1546 mulieris
1936 1481 2048 1548 studia
2076 1483 2130 1550 ad-

196 1591 345 1656 curatius
368 1589 548 1656 definivisse
577 1589 631 1676 (of.
657 1587 840 1675 Pamphilae
862 1587 1047 1671 ἱστορικὰ
1073 1587 1361 1674 όιιομνίμιοιτα...)Ι
1409 1589 1478 1652 Iam
1502 1587 1600 1674 paulo
1622 1587 1779 1672 ampliora
1807 1591 2014 1674 reperiuntur
2040 1589 2130 1655 addi·

197 1703 344 1762 tamenta
366 1697 398 1760 in
421 1697 465 1782 gl.
487 1717 514 1762 s.
539 1695 785 1783 Ιίορρόριυς.
818 1695 961 1761 Primum
984 1695 1073 1770 ἕίοει
1099 1696 1131 1759 dl
1154 1731 1199 1746 -·
1222 1696 1349 1779 ιὲγνην,
1374 1715 1470 1780 qnam
1493 1694 1643 1758 notitiam
1666 1715 1705 1758 ex
1722 1694 1840 1759 Saldae
1855 1694 1965 1781 glossa
1979 1697 2132 1762 continua

196 1805 240 1884 (s.
264 1803 462 1890 Πορφόριος)
484 1803 523 1867 ll.
547 1803 760 1888 desumpsisse
775 1801 1049 1888 amplificasseque
1072 1803 1164 1888 (vide
1179 1803 1345 1869 Flachium
1361 1823 1393 1886 p.
1411 1809 1452 1866 44
1469 1811 1534 1866 not.
1552 1807 1582 1881 3,
1608 1799 1690 1865 Viol.
1714 1800 1810 1886 adp.
1827 1801 1909 1888 609)
1930 1803 1984 1868 rel
1999 1801 2129 1868 aliunde

196 1911 348 1976 hausisse
363 1909 494 1976 videtur
508 1911 566 1997 (ef.
583 1907 718 1974 Kueberi
733 1915 841 1974 notam
857 1909 896 1973 ad
913 1909 958 1996 gl.
973 1909 1184 1998 Πορφόριος),·
1208 1910 1279 1975 dein
1295 1912 1328 1974 in
1343 1908 1499 1974 librorum
1515 1908 1629 1974 tabule
1643 1927 1701 1992 pro
1717 1907 1938 1994 singillionem*
1952 1908 2059 1992 γόνους
2076 1909 2129 1973 καί

198 2017 304 2093 εἴδους
328 2016 382 2080 καί
405 2022 559 2104 διαφορᾶς
583 2015 742 2080 solidabo
766 2015 819 2079 καί
841 2016 1075 2100 συμβεβηκότος
1099 2019 1202 2102 magis
1226 2015 1419 2102 generaliter
1443 2023 1476 2081 et
1498 2017 1645 2100 propriae
1671 2013 1841 2099 Porphyrii
1866 2019 1972 2101 operis
1994 2017 2129 2102 inscrip-

196 2126 282 2190 tioni
314 2121 481 2210 (είςαγιογὴ
507 2123 524 2208 ἢ
548 2122 620 2206 περί
642 2131 706 2186 τῶν
730 2123 822 2186 πέντε
845 2127 977 2209 φωνῶν)
1005 2125 1249 2190 convenientius
1272 2121 1403 2187 reddere
1426 2121 1542 2187 maluit
1564 2124 1621 2197 τὰς
1643 2121 1838 2202 καλουμένας
1862 2123 1879 2186 ε’
1902 2123 2010 2210 φωνάς
2038 2126 2130 2210 (poet

197 2231 283 2296 hanc
306 2253 417 2296 vocem
440 2238 498 2296 eut
520 2229 780 2316 distinguendum
803 2239 861 2296 eut
877 2231 896 2314 ἢ
911 2230 1114 2296 inserendum
1131 2231 1203 2317 eet),
1228 2239 1283 2315 τῆς
1305 2230 1539 2314 Ἀριστοτέλους
1563 2235 1686 2313 λογικῆς
1703 2229 1919 2312 πραγματείας
1934 2233 2129 2310 μεθοόιιιοός

198 2338 370 2422 ιίςιιγιυγός
401 2337 457 2425 (cf.
481 2337 629 2402 Zellerus
652 2337 673 2404 l.
698 2339 720 2402 l.
744 2337 789 2415 ΙΙ,
814 2338 860 2420 2³,
894 2343 969 2420 213,
998 2337 1186 2403 Nitaschins
1208 2360 1239 2424 p.
1264 2338 1333 2423 40),
1359 2347 1426 2402 tum
1452 2335 1619 2400 Flaohinm
1642 2337 1674 2398 in
1699 2355 1793 2420 opere
1816 2338 1895 2398 κατὰ
1923 2341 2129 2420 Χριστιανῶν

196 2445 308 2528 λόγους
332 2445 384 2508 σε’
410 2442 521 2530 (immo
544 2445 600 2527 ιε’)
624 2443 781 2512 enotando
804 2443 922 2510 fefellit
944 2445 1108 2528 memoria,
1131 2465 1202 2510 cum
1224 2442 1303 2510 illud
1327 2445 1360 2509 in
1378 2443 1522 2508 Violario
1546 2441 1607 2506 sub
1628 2440 1723 2506 finem
1746 2441 1944 2510 ooulooatnm
1967 2443 2000 2508 in
2025 2444 2128 2509 medio

199 2551 318 2619 Suidae
341 2551 446 2616 indice
469 2571 580 2617 revera
602 2559 808 2618 enumeretur
830 2553 875 2639 (κ.
902 2555 945 2615 Χ.
969 2559 995 2615 λ.
1019 2552 1091 2637 ιε’).

307 2675 373 2742 Nec
395 2681 502 2762 potest
526 2674 667 2740 dubitari
692 2678 769 2762 quin
792 2679 826 2740 in
849 2678 894 2764 gl.
919 2697 944 2741 a.
969 2676 1166 2752 Σονίσιος
1189 2675 1228 2740 Ε.
1253 2676 1293 2740 de
1316 2697 1375 2740 sua
1398 2679 1515 2740 notitia
1531 2677 1630 2742 verba
1651 2675 1910 2762 πρὸςἈρκόιλιον
1927 2676 2127 2758 τὸνβασιλέα

197 2791 274 2868 post
302 2781 413 2866 λόγους
442 2783 625 2865 βασιλικούς
656 2782 872 2870 suppleverit:
902 2783 1018 2848 herum
1050 2785 1166 2871 qnippe
1195 2783 1376 2848 orationum
1405 2783 1459 2848 vel
1489 2783 1732 2869 elegantissima
1759 2781 1797 2847 de
1826 2805 1926 2870 regno
1957 2801 2057 2870 euque
2086 2783 2127 2848 ad

197 2891 370 2955 Arcadium
394 2892 617 2976 imperatorem
642 2890 751 2955 habita
773 2889 867 2956 hodie
889 2891 992 2957 adhue
1015 2900 1107 2957 extat
1135 2889 1248 2955 itidem
1277 2897 1375 2975 utque
1404 2889 1591 2976 opusculum
1620 2889 1692 2974 περί
1721 2889 1868 2974 προνοίας
1896 2889 2040 2955 aSuida
2062 2889 2128 2954 Eu-

197 2997 350 3083 docieque
373 2999 462 3080 λόγος
487 2997 714 3077 θαυμάσιος
738 2997 954 3084 significatum
977 2998 1086 3064 eadem
1102 3001 1227 3063 ratione
1244 3019 1308 3083 qua
1322 2997 1490 3060 ἐπιστολαί
1508 2997 1579 3084 (τὰς
1604 2997 1911 3078 θαυμαζομένοις
1933 2995 2127 3084 ἐπιστολάς),

198 3105 305 3190 qualia
336 3107 504 3190 utriusque
536 3105 749 3190 cognitionem
779 3105 903 3190 liquido
932 3111 1084 3192 arguunt.
1130 3105 1197 3170 Nec
1229 3109 1337 3170 miuus
1369 3105 1469 3170 verba
1500 3127 1525 3169 s.
1562 3105 1706 3190 Χόριυν
1733 3097 2127 3190 Ναυκρατι’τρς·ίστοριάν

198 3210 271 3294 περί
293 3221 409 3276 τῶν...
434 3211 543 3296 ἱερέων
567 3211 630 3275 καί
652 3221 720 3297 τῆς
745 3217 936 3297 doado-[519
957 3214 1089 3276 αὐτῶν
1107 3249 1144 3260 -
1165 3211 1299 3277 l’ortaese
1316 3212 1355 3278 ad
1372 3212 1631 3298 pbilosophorum
1648 3215 1810 3294 όιαόοχιόν
1828 3210 2067 3276 similitudinem
2085 3249 2126 3259 -

197 3320 240 3384 ab
255 3319 400 3385 Eudocia
421 3317 532 3384 addita
555 3339 625 3382 esse
648 3339 728 3382 reor.
774 3319 860 3383 Hine
883 3317 1105 3405 progredimur
1121 3317 1162 3384 ad
1178 3319 1321 3405 glossam
1338 3318 1391 3384 vel
1408 3321 1544 3384 inarime
1561 3319 1735 3386 notabilem
1759 3339 1785 3383 s.
1813 3318 2000 3396 Εόίοξος,
2024 3316 2128 3404 quade

198 3426 349 3491 Flacbius
372 3426 409 3512 (l.
433 3425 457 3489 l.
481 3447 511 3511 p.
536 3431 590 3508 43,
615 3431 675 3508 45)
697 3445 812 3510 parum
833 3425 1048 3511 probabiliter
1072 3425 1229 3491 iudicasse
1253 3425 1389 3490 videtur.
1435 3423 1518 3490 Nam
1550 3428 1606 3512 qui
1637 3433 1742 3490 totum
1766 3425 1929 3490 Endooiae
1957 3425 2126 3491 areanum

197 3531 292 3618 paulo
305 3531 468 3598 adtentius
480 3530 734 3616 perlustraverit,
751 3534 902 3596 maiorem
915 3535 984 3598 eins
996 3541 1119 3620 partem
1133 3553 1233 3619 usqne
1246 3531 1286 3596 ad
1299 3532 1398 3598 verba
1409 3531 1463 3596 καί
1475 3531 1689 3614 ἀστρονομίαν
1702 3531 1869 3620 όοτρρυῶς
1887 3532 1981 3620 (haee
1992 3531 2127 3598 fortasse

199 3637 316 3704 Suidae
338 3637 509 3726 debentur)
534 3660 574 3704 ex
599 3639 733 3704 Laertio
756 3639 870 3725 (VIII,
896 3645 937 3702 86
962 3639 1027 3727 sq.)
1050 3639 1255 3724 comulatam,
1280 3639 1434 3704 relicuum
1458 3640 1597 3726 (scilicet
1618 3661 1722 3726 usqne
1745 3638 1786 3706 ad
1809 3639 1967 3725 ἐγίνοντο)
1990 3637 2128 3706 eb'nida

198 3744 390 3830 descriptam
406 3765 476 3810 esse
490 3745 666 3830 intelleget.
701 3745 762 3810 Sed
780 3765 918 3831 quanam
934 3747 1058 3812 ratione
1073 3745 1112 3810 Ε.
1129 3745 1252 3812 Laertii
1273 3745 1373 3811 verba
1388 3749 1420 3810 in
1439 3767 1531 3812 suum
1547 3767 1641 3811 usum
1657 3743 1842 3812 convertit?
1864 3745 1959 3812 Talia
1971 3747 2126 3810 nimirum

198 3851 312 3918 tradit:
346 3851 497 3936 ἔγραψε
521 3851 592 3936 περί
616 3859 703 3916 θεῶν
726 3849 780 3914 καί
802 3852 924 3932 κόσμου
948 3852 1001 3916 καί
1029 3862 1094 3917 τῶν
1123 3853 1473 3936 μττειορολογοιγιένιον,
1497 3873 1592 3939 quam
1615 3853 1771 3918 librorum
1794 3853 1940 3918 tabulam
1965 3891 2006 3901 -
2030 3851 2126 3918 fidem

198 3961 267 4023 eius
290 3980 377 4025 nunc
398 3981 462 4024 non
484 3981 561 4026 curo
578 3997 621 4008 -
638 3960 703 4026 alio
727 3981 766 4024 en
791 3960 878 4025 sonte
901 3960 1033 4046 petitam
1057 3979 1127 4026 esse
1150 3981 1188 4026 eo
1210 3981 1293 4044 quae
1317 3955 1622 4027 sutim‘adneotitur
1644 3959 1780 4047 (ἔγραψέ
1796 3985 1827 4024 τε
1845 3967 1974 4023 πλεῖστα
1990 3985 2018 4022 κ.
2037 3983 2064 4022 τ.
2081 3959 2126 4044 λ.)

198 4065 250 4129 vel
272 4063 347 4131 inde
369 4087 560 4152 cognoscere
582 4066 667 4150 licet,
699 4069 782 4152 quod
805 4065 843 4130 Ε.
872 4071 988 4133 iterum
1019 4089 1097 4133 voce
1126 4068 1241 4153 (eaque
1265 4067 1434 4154 Suidiana)
1461 4067 1582 4150 ἔγραψε
1612 4070 1724 4132 utitur.
1771 4065 1834 4132 bled
1864 4067 2001 4152 priorem
2030 4069 2125 4132 istem

199 4175 311 4256 quavis
326 4173 521 4238 anctoritate
536 4176 697 4239 inmunem
713 4195 782 4238 esse
797 4175 957 4238 neminem
978 4174 1092 4260 fugiet,
1115 4177 1171 4261 qui
1187 4175 1309 4240 Laertii
1333 4175 1442 4261 (VIII,
1466 4177 1524 4256 89)
1548 4178 1763 4241 narrationem
1786 4174 1900 4238 radron
1924 4173 2126 4260 (Εὐδόξου)

201 4279 345 4364 όίίμιοοσε
371 4279 618 4364 Χρύσιππος...
652 4281 694 4344 τά
720 4305 756 4344 τε
787 4280 878 4365 περί
906 4286 1016 4344 θεῶν
1045 4281 1109 4344 καί
1138 4281 1290 4362 κόσμον
1320 4281 1385 4344 καί
1411 4291 1492 4346 τῶν
1521 4281 1966 4364 μετεωρολογουμόνων
1996 4278 2125 4366 legerit.

199 4387 266 4450 lam
289 4386 322 4450 id
345 4389 424 4454 satis
448 4389 560 4472 opinor
583 4386 757 4453 dilucidum
780 4391 842 4454 erit
865 4411 904 4453 ex
927 4388 1035 4454 verbis
1058 4388 1137 4474 illis,
1161 4389 1278 4474 quibus
1294 4385 1421 4453 Eudoxi
1444 4387 1676 4473 disputationes
1701 4409 1834 4474 quarum
1851 4387 2010 4471 particeps
2026 4385 2124 4452 fuisse

199 4492 314 4559 dicitur
337 4491 540 4579 Chrysippus
563 4493 795 4580 significantur,
820 4495 968 4560 sollemni
991 4491 1151 4561 Eudociae
1173 4517 1281 4560 errore
1303 4499 1462 4580 scripta
1485 4495 1664 4582 philosophi
1688 4515 1757 4560 esso
1781 4493 1895 4561 efficta.
1942 4493 2040 4558 Vides
2063 4493 2123 4578 igi-

199 4606 371 4686 torquem
395 4600 604 4686 neglegenter
626 4601 730 4666 fontes
746 4600 804 4665 illa
826 4602 1013 4686 inspexerit.
1061 4599 1144 4667 Dein
1167 4601 1205 4666 de
1221 4601 1357 4667 Eudoxo
1381 4601 1478 4667 haece
1501 4609 1689 4667 narrantur:
1714 4599 1791 4681 ι”σγι
1809 4601 1842 4664 dd
1859 4599 1912 4663 καί
1927 4602 2005 4683 πρὸς
2020 4600 2123 4682 ιάτρι-

199 4709 255 4790 κῆν
279 4706 481 4788 θαιιμασόυς,
514 4705 568 4770 καί
598 4710 675 4792 πρός
707 4708 901 4792 γεωμετρίαν
934 4708 988 4770 καί
1015 4708 1228 4792 ἀστρονομίαν
1260 4705 1439 4796 inspectior,
1471 4729 1553 4794 quae
1580 4710 1658 4774 item
1688 4729 1728 4774 ex
1753 4709 1884 4773 Laertio
1916 4707 2030 4794 (VIII,
2063 4715 2123 4772 86:

201 4813 371 4890 Εὔδοξος..
403 4813 602 4898 ἀστρολόγος,
639 4815 828 4900 γεωμέτρης,
867 4815 1014 4900 ἰατρός..
1054 4819 1090 4878 τὰ
1124 4815 1153 4878 d’
1183 4815 1309 4898 ἰατρικὰ
1347 4814 1516 4904 [διήκουσε]
1553 4815 1779 4892 Φιλιστίωνοςς
1814 4821 1873 4880 88:
1912 4814 2037 4899 γράψας
2070 4811 2125 4876 καί

199 4921 470 5005 ἀστρολογούμενα
486 4921 539 4984 καί
554 4923 827 5006 γεωμετρούμενα,
844 4924 885 4988 cs.
902 4926 997 4988 etiam
1013 4922 1089 4987 ibid.
1107 4929 1147 4988 87
1165 4923 1247 5007 init,
1265 4919 1322 5010 89)
1337 4923 1577 5008 conquisiverit.
1624 4919 1685 4988 His
1701 4922 1827 4988 demum
1840 4921 1957 4987 scidae
1972 4926 2125 5004 excerpta

200 5027 315 5113 (usque
341 5027 384 5092 ad
412 5028 571 5116 ἐγένοντο)
600 5029 800 5095 subiciuntur
830 5035 983 5115 totusque
1013 5029 1169 5096 articulus
1201 5027 1312 5094 finitur
1341 5029 1585 5094 narratiuncula
1612 5051 1651 5093 ex
1675 5029 1805 5094 Laertio
1838 5027 1950 5114 (VIII,
1982 5033 2023 5092 88
2052 5025 2124 5112 fin.)

199 5131 401 5222 deprompta:
425 5133 567 5218 ἐγόνοντο
592 5135 625 5200 db
650 5137 736 5226 αὐτῷ
764 5135 816 5200 καί
839 5137 1013 5220 θυγατέρες
1038 5147 1131 5218 τρεῖς,
1153 5136 1268 5213 Ἀκτίς,
1294 5135 1415 5212 Φιλτίς,
1439 5135 1549 5222 Δελφίς
1573 5135 1662 5222 (nam
1679 5135 1737 5200 tali
1754 5134 1865 5200 ordine
1881 5135 1940 5200 hae
1956 5139 2023 5200 tres
2036 5131 2123 5218 apud

201 5238 360 5305 biterbium
383 5263 452 5308 sese
475 5243 652 5328 excipiunt,
674 5263 746 5308 eum
769 5243 887 5309 Suidae
911 5243 1066 5330 ,,Δελρι’ς“
1089 5251 1164 5308 ente
1189 5243 1344 5322 ,,Φιλτίς“
1367 5243 1607 5328 mulctaverit),
1633 5251 1686 5329 τῷΙ
1706 5241 1820 5326 πατρί
1842 5243 1985 5323 σχεδόν
2008 5239 2122 5323 παρό-

199 5372 220 5423 μ
228 5373 310 5411 οιοι.
348 5347 441 5421 Quod
454 5349 582 5435 quidem
593 5350 697 5437 lepide
709 5349 827 5416 dictum
842 5357 876 5416 et
886 5351 1019 5416 Laertio
1034 5357 1066 5416 et
1078 5349 1193 5418 Suidae
1209 5353 1392 5436 ignoratum
1405 5349 1563 5416 Eudcciae
1579 5371 1634 5436 per
1646 5349 1843 5434 Hesychium
1858 5349 2036 5413 innotuisse
2051 5347 2123 5432 quis

200 5475 338 5541 unquam
360 5455 423 5522 sibi
445 5455 673 5543 persuadebit?
717 5457 911 5524 Delectabat
932 5459 1076 5545 prolecto
1100 5455 1264 5522 mulierem
1288 5455 1444 5522 eruditam
1469 5459 1655 5522 memoriam
1677 5455 1716 5521 de
1731 5457 1836 5522 tribus
1852 5453 1980 5520 Eudoxi
1996 5453 2124 5520 filiabus

200 5569 359 5648 acceptam
384 5563 660 5650 itaampb'firare,
684 5573 722 5632 ut
744 5568 845 5651 patris
868 5564 1058 5631 nobilissimi
1081 5585 1134 5630 eas
1156 5563 1335 5630 consimiles
1358 5564 1456 5630 luisse
1479 5563 1623 5649 fingeret.

305 5670 374 5735 lam
398 5674 483 5737 iuter
499 5671 673 5738 Fleobieua
694 5675 880 5739 testimonia
903 5674 1043 5758 quinque
1057 5670 1161 5736 adhue
1175 5677 1308 5748 restant,
1333 5691 1469 5756 quorum
1485 5675 1622 5756 primum
1640 5693 1665 5736 s.
1682 5669 1950 5754 Ἀθηνόδωρος
1973 5669 2122 5758 (ἀδελφός

1943 5795 1959 5848 2
