4990 6456
1153 583 1171 638 5

1057 666 1270 676 .-..-..--.

195 790 225 856 ai
247 811 319 856 cum
341 787 489 856 Eudooia
512 785 766 872 praeterendum,
790 784 823 850 id
846 786 889 855 ab
911 788 1060 872 imperito
1083 787 1209 858 homine
1232 787 1364 856 videtur
1385 784 1580 854 inculcatum
1602 805 1682 863 esse,
1707 785 1763 870 qui
1785 786 1971 852 memoriam
1993 783 2125 872 Apollo-

196 894 266 960 dori
289 899 357 960 tum
381 893 589 960 Atheniensis
613 901 682 960 tum
705 890 848 976 Carystii
868 893 982 960 comici
1003 892 1046 958 ad
1068 892 1333 981 Antiphanarum
1355 891 1601 958 similitudinem
1625 895 1822 958 revocaret.“
1870 889 1959 965 Quas
1981 911 2053 958 oum
2078 895 2125 958 ita

195 1004 261 1068 sint
284 1009 385 1068 totam
408 1002 548 1088 glossam
571 999 631 1064 hae
654 1001 688 1064 in
711 1020 808 1064 causa
832 1002 960 1068 mittere
983 1000 1048 1066 iere
1072 1006 1226 1087 praestat.

302 1109 385 1174 Dein
418 1108 504 1174 inter
534 1114 640 1174 cetera
670 1104 888 1173 additamenta
919 1127 999 1192 quae
1023 1107 1176 1174 Flaobius
1208 1107 1252 1194 (p.
1288 1113 1330 1172 40
1362 1107 1425 1193 sq.)
1458 1106 1657 1172 enumeravit
1689 1104 1730 1194 (s.
1751 1105 1938 1190 Ἐπίκτητος,
1973 1105 2124 1182 Zarang,

199 1216 385 1300 Ζηνόδοτος,
416 1213 562 1291 Kosilaos,
598 1211 749 1294 Μαξῖμος
785 1213 908 1296 Τύριος,
942 1213 1061 1302 lusae)
1092 1213 1172 1280 illud
1202 1238 1228 1280 s.
1251 1213 1476 1297 Ἐπίκτητος
1507 1211 1639 1302 (ἔγραψε
1670 1215 1767 1279 πολλὰ
1799 1215 1897 1295 ἠθικὰ
1927 1211 1994 1275 ’καὶ
2022 1210 2124 1300 (quod

196 1345 257 1409 ego
281 1321 398 1399 addidi,
420 1343 493 1388 cum
509 1320 662 1387 Flachius
685 1343 716 1406 p.
733 1328 774 1384 41
800 1319 1002 1388 Nitasehium
1026 1345 1056 1407 p.
1082 1327 1123 1386 33
1147 1329 1275 1389 secutus
1300 1323 1415 1406 ἠθικῆς
1438 1323 1625 1407 coniecerit)
1648 1319 1834 1408 φιλοσοφίας
1851 1319 2029 1408 ἀνάμεστα)
2052 1320 2124 1386 hino

157 1420 162 1429 '
194 1427 424 1496 removendum
447 1428 585 1511 videtur,
616 1431 766 1513 quoniam
790 1429 887 1494 nimis
908 1429 1102 1513 generaliter
1125 1429 1246 1496 dictum
1267 1436 1321 1496 'est
1343 1428 1549 1514 Eudooiaque
1571 1429 1607 1492 in
1628 1427 1790 1513 plerisque
1813 1450 1833 1492 a
1858 1425 1959 1494 Suida
1986 1428 2032 1494 ita
2061 1425 2125 1492 dis·

195 1542 316 1623 crepat,
346 1543 383 1604 ut
405 1535 598 1622 peculiarem
622 1535 740 1600 iontem
764 1532 883 1600 adiisse
907 1533 1062 1602 videatur.
1109 1535 1232 1622 Deinde
1255 1538 1289 1600 in
1312 1534 1359 1622 gl.
1383 1557 1408 1602 s.
1434 1536 1616 1609 Ζωναῑος
1638 1533 1677 1598 D.
1700 1557 1759 1620 pro
1783 1533 1900 1600 Suidao
1923 1533 2034 1600 verbis
2056 1533 2123 1598 ἀλλ’

195 1642 411 1708 dnonr'rarovos
436 1651 490 1706 τοῦ
517 1651 717 1726 χαρακτῆρος
749 1639 831 1706 talia
861 1648 990 1708 narrat:
1021 1641 1074 1706 aar*
1101 1643 1179 1706 ἄλλα
1210 1641 1412 1726 γραμματικά
1438 1667 1471 1706 τε
1500 1640 1554 1704 καὶ
1581 1639 1740 1725 ῥητορικά,
1770 1663 1905 1727 quornm
1933 1639 2014 1706 fides
2045 1639 2125 1706 mihi

194 1749 343 1836 equidem
366 1755 516 1836 suspecta
540 1757 589 1815 est
611 1750 663 1818 vel
686 1757 818 1834 propter
841 1755 1019 1814 ceterorum
1043 1749 1162 1814 Zonaei
1184 1752 1376 1836 scriptorum
1398 1747 1549 1832 indolem,
1580 1751 1628 1814 ita
1650 1757 1689 1814 ut
1711 1749 1887 1814 coniectare
1916 1749 1950 1812 in
1973 1755 2125 1833 promptu

194 1859 241 1923 sit
265 1879 281 1922 θ
304 1857 413 1943 glossa
437 1878 518 1942 quas
541 1855 700 1942 praecedit
723 1877 748 1920 s.
774 1854 894 1930 Ζωίλος
919 1854 1089 1944 (gypsum.
1116 1858 1184 1920 τινὰ
1210 1855 1288 1946 [scil.
1312 1855 1469 1942 φιλόσοφοι
1494 1855 1543 1922 vel
1565 1853 1726 1944 ῥητορικά]
1752 1852 1805 1917 καὶ
1819 1853 2040 1939 γραμματικά)
2062 1855 2124 1920 isis

194 1985 254 2048 per
276 1987 415 2030 errorem
439 1963 545 2030 nescio
569 1983 663 2049 quem
686 1962 750 2028 huc
773 1983 841 2028 esse
865 1963 1038 2050 traiecta.¹)

305 2070 460 2156 Sequitur
481 2070 592 2156 glossa
615 2089 767 2154 perquam
792 2069 957 2147 notabilis,
985 2091 1048 2155 qua
1071 2069 1317 2137 semidoctorum
1340 2069 1605 2154 interpolatorum
1628 2067 1786 2134 industria
1809 2067 1894 2134 clara
1916 2070 1949 2132 in
1973 2067 2041 2134 lnce
2071 2089 2124 2152 po-

194 2183 310 2242 natur:
334 2177 483 2244 videlicet
505 2199 532 2242 s.
556 2176 786 2260 Ζηνόδοτος
809 2175 984 2262 Ἐφέσιος
1007 2177 1045 2242 Ε.
1068 2184 1143 2263 post
1165 2177 1263 2243 verbs
1285 2175 1338 2239 e'nl
1354 2175 1553 2256 Πτολεμαίου
1572 2173 1708 2258 γεγονώς
1724 2176 1836 2240 ceteris
1852 2173 1971 2242 Suidae
1986 2181 2125 2260 proeter-

194 2287 301 2350 missis
325 2284 492 2351 subiunxit
513 2282 631 2366 ἔγραψε
657 2281 729 2366 περὶ
751 2283 1008 2348 assimularam
1032 2281 1087 2346 aar*
1108 2283 1346 2359 ἀνυποτάκτων,
1369 2305 1464 2369 quam
1488 2283 1636 2348 notitiam
1660 2281 1877 2348 aDuenizero
1901 2279 1955 2368 (dc
1972 2279 2126 2346 Zenodoti

192 2390 282 2457 stud.
305 2391 399 2456 Hom.
423 2413 454 2476 p.
480 2389 537 2475 13)
560 2391 656 2477 plane
679 2389 860 2476 neglectam
879 2407 953 2456 ‘esse
977 2389 1062 2456 haud
1086 2389 1288 2456 mediocriter
1310 2391 1444 2456 mireris.
1491 2387 1564 2462 Qua
1586 2391 1620 2454 in
1643 2391 1826 2455 narratione
1849 2391 1913 2454 tria
1927 2389 2125 2475 potissimum

193 2501 423 2586 gravissimam
448 2499 593 2564 excitant
609 2497 858 2564 dubitationem:
882 2499 1020 2583 primurn
1038 2500 1112 2583 quis
1128 2519 1191 2564 non
1207 2499 1240 2562 in
1256 2517 1293 2562 eo
1309 2496 1495 2578 haesitabit,
1520 2495 1606 2580 quod
1623 2493 1779 2560 Zenodoti
1794 2494 1930 2560 alieuius
1945 2495 2125 2580 scriptionis

192 2603 316 2670 Suidae
340 2607 517 2690 ceterisque
540 2604 681 2670 testibus
704 2625 835 2690 prorsus
858 2605 1024 2690 ignoratae
1048 2607 1235 2670 memoriam
1259 2602 1329 2668 sola
1351 2602 1390 2668 E.
1413 2602 1454 2667 ab
1486 2601 1647 2668 oblivione
1678 2600 1912 2668 vindicaverit?
1939 2600 2024 2668 Dein
2052 2604 2125 2688 quis

195 2710 323 2778 tandem
347 2711 407 2776 sibi
430 2709 625 2796 persuadeat
647 2712 713 2776 iam
735 2731 755 2774 a
778 2709 940 2776 Zenodoto
964 2712 1187 2796 antiquissimo
1209 2709 1502 2776 Alexandrinorum
1525 2709 1736 2796 grammatico
1766 2707 1967 2775 subtiliorem
1994 2706 2034 2774 de
2061 2731 2125 2774 mo-

193 2817 311 2884 dorum
335 2817 518 2905 (s'yals'ossg)
542 2817 575 2884 vi
590 2826 686 2903 atquc
702 2838 762 2884 usu
778 2817 966 2894 doctrinam,
991 2839 1085 2903 quarn
1101 2817 1227 2904 quidem
1244 2815 1429 2902 Tryphonis
1446 2814 1574 2881 demum
1590 2814 2125 2900 111110περίῥημὰτωνέγκλιτικῶν

193 2949 226 2988 κ.
250 2949 277 2986 τ.
301 2931 328 2989 λ.
359 2923 580 3010 (11811111.
612 2923 759 3011 Τρύφων,
792 2933 824 2990 11
848 2947 874 2989 1.
898 2945 930 3010 g.
962 2923 1214 2997 Graeienhsnius
1237 2923 1353 2991 Gescb.
1384 2922 1441 2988 der
1469 2921 1515 2987 kl.
1540 2921 1658 2988 Philol.
1682 2922 1798 3002 1487,
1828 2921 1986 3008 111418)
2016 2922 2125 2988 adum-

194 3031 321 3098 bratam
344 3032 443 3096 fuisse
465 3030 632 3117 probabile
656 3038 715 3108 est,
745 3033 793 3096 ita
815 3038 996 3098 enarratam
1024 3051 1102 3112 esse,
1135 3035 1172 3098 ut
1201 3030 1238 3095 de
1266 3031 1467 3098 intricatiore
1497 3029 1633 3116 quadam
1662 3030 1793 3096 huiusce
1821 3030 1947 3116 generis
1976 3032 2124 3114 materia,

193 3138 235 3202 de
258 3137 367 3204 verbis
394 3141 548 3204 nimirum
572 3159 654 3224 qnae
676 3141 875 3206 coniunctivi
896 3139 1008 3204 aoristi
1032 3159 1126 3224 quem
1149 3142 1338 3224 nuncupant
1360 3135 1493 3204 secundi
1515 3137 1738 3204 formationem
1760 3136 1934 3204 admittunt
1961 3159 1998 3202 ao
2021 3135 2061 3202 de
2085 3139 2125 3202 iis

194 3265 279 3330 quae
301 3244 397 3310 talem
420 3244 579 3328 abnuunt,
607 3245 759 3331 peculiari
782 3245 888 3312 libello
911 3243 1121 3331 exposuerit?
1153 3244 1225 3310 Huc
1248 3246 1379 3310 tertium
1402 3242 1533 3328 aceedit,
1565 3242 1651 3329 quod
1673 3242 1794 3310 nullam
1820 3241 1971 3310 eiusmodi
1998 3245 2124 3328 scripti·

194 3371 291 3416 onem
318 3353 466 3416 novimus
498 3351 558 3416 nisi
585 3351 762 3419 Herodiani
793 3355 921 3418 nomine
950 3353 1171 3438 consignatam
1201 3351 1255 3438 (cl.
1286 3350 1427 3417 Bekkeri
1454 3349 1576 3416 Aneod.
1607 3373 1657 3436 gr.
1684 3350 1739 3416 lII
1771 3349 1881 3438 1086),
1911 3350 1969 3416 sed
1997 3349 2125 3416 Lehrsii

192 3459 342 3524 acumine
372 3457 484 3542 (Anal.
514 3480 650 3544 1111111.
681 3481 714 3546 p.
744 3466 819 3537 422,
857 3458 920 3526 vid.
950 3458 1127 3526 Herodiani
1156 3457 1271 3544 reliqu.
1302 3456 1351 3524 ed.
1384 3457 1426 3528 Α.
1456 3457 1558 3522 Lenta
1586 3456 1605 3522 I
1634 3480 1665 3544 p.
1695 3455 1773 3544 XV)
1805 3459 1889 3524 iuter
1919 3457 2124 3542 suppositicia

196 3569 408 3648 suspectaque
431 3563 630 3630 celeberrimi
652 3568 853 3651 grammatici
875 3567 997 3651 scripta
1018 3565 1207 3650 relegatam.
1252 3565 1368 3652 Apage
1388 3567 1492 3652 igitur
1506 3563 1637 3632 titulum
1653 3565 1752 3630 istum
1768 3562 2004 3652 interpolatoris
2020 3565 2124 3628 nescio

194 3673 287 3736 ouius
310 3671 493 3736 temeritate
515 3673 688 3755 invectum,
708 3675 763 3757 qni
785 3695 857 3758 enm
881 3673 1002 3757 scripta
1024 3671 1157 3756 Ephesii
1176 3672 1262 3756 apud
1287 3669 1416 3738 Suidam
1439 3671 1632 3738 desideraret
1655 3695 1671 3736 1
1693 3692 1770 3738 suae
1793 3671 1979 3738 eruditionis
1995 3669 2124 3735 dotibus

195 3774 323 3862 glossae
345 3777 485 3862 margini
505 3776 597 3842 illum
621 3776 815 3863 adpiuxerit.
864 3777 1089 3864 Progredimur
1113 3777 1154 3844 ad
1177 3780 1350 3846 arficulum
1373 3801 1400 3844 1.
1425 3777 1600 3855 Καίλιος
1625 3781 1698 3865 (pro
1722 3799 1786 3864 quo
1801 3777 2124 3854 nominellleinslvius

194 3881 311 3950 Exere.
334 3883 415 3968 phil.
437 3883 472 3947 in
495 3883 616 3949 Athen.
640 3885 667 3968 l,
694 3893 712 3948 3
737 3907 783 3972 sq.
809 3884 962 3961 Καίκαλος
986 3884 1041 3950 vel
1064 3885 1197 3960 Κι’καλος
1221 3888 1332 3971 reponi
1356 3886 1508 3973 volebat),
1531 3885 1565 3950 in
1589 3907 1653 3972 quo
1674 3885 1712 3950 D.
1737 3867 2124 3952 1111111111(ὑιὶιεοτικῶν

193 3991 388 4074 scriptorum
412 4011 545 4056 recensu
569 3989 723 4056 Suidiano
748 4013 841 4078 quem
864 4013 901 4058 ex
925 3991 1093 4058 Athenaeo
1118 3991 1159 4078 (Ι,
1187 3991 1272 4079 lob)
1297 3999 1482 4078 excerptum
1505 4013 1573 4058 esse
1601 3998 1728 4060 constat
1757 3991 1878 4080 (11.1).
1903 3985 2123 4058 l‘hlkmannus

193 4093 310 4178 Symb.
326 4095 413 4161 Phil.
430 4095 533 4161 Bonn.
550 4097 587 4162 II
612 4105 674 4163 717
700 4099 763 4186 eq.)
787 4099 903 4164 omisso
926 4105 998 4182 post
1022 4098 1185 4185 γεγραφώς
1208 4098 1308 4164 verba
1330 4097 1488 4164 adnexuit
1510 4096 1565 4161 sui
1587 4099 1774 4184 περιήγησιν
1793 4097 1937 4174 Ἑλλάδος
1961 4097 2014 4162 καί
2035 4099 2123 4176 ἄλλα,

195 4204 287 4268 euius
310 4201 385 4268 libri
408 4207 589 4270 memoriam
620 4226 685 4270 una
714 4205 753 4270 li.
782 4206 934 4272 servavit.
980 4205 1047 4272 Nec
1076 4205 1219 4287 diffiteor,
1246 4205 1324 4272 mihi
1350 4206 1410 4274 hac
1439 4226 1565 4292 quoque
1596 4206 1629 4272 iu
1657 4209 1820 4274 notatione
1850 4206 1972 4272 fraudis
2002 4207 2123 4293 aliquid

194 4308 386 4374 suboluisse.
431 4309 560 4376 Etenim
589 4314 623 4376 ui
654 4311 741 4376 fallit
770 4313 876 4397 opinio
899 4333 951 4378 res
970 4313 1019 4380 ita
1034 4320 1209 4398 conparata
1225 4321 1284 4398 est,
1309 4319 1345 4378 ut
1367 4311 1400 4379 S.
1424 4311 1570 4402 (Suidas)
1593 4315 1663 4399 ipse
1686 4313 1763 4400 (non
1778 4313 1967 4398 Hesychius,
1992 4315 2023 4380 id
2039 4315 2124 4402 qnod

195 4414 545 4482 alaemanniae.
575 4417 597 4485 l.
628 4415 650 4482 l.
675 4424 738 4482 216
769 4419 890 4503 posuit,
918 4421 1050 4484 initium
1080 4418 1127 4506 gl.
1155 4419 1231 4486 huic
1262 4421 1531 4506 subministravit,
1563 4442 1667 4506 neque
1695 4423 1790 4488 etiam
1820 4420 2049 4506 Bernhardyus
2077 4427 2123 4490 rei

195 4522 366 4587 veritatem
389 4525 557 4608 perspexit
578 4523 601 4588 l.
618 4523 640 4590 l.
656 4546 687 4611 p.
704 4525 864 4611 XXXIV)
887 4526 989 4592 verba
1005 4525 1325 4614 ΚικιἎιος-γεγροῳώς
1348 4525 1487 4592 indidem
1510 4526 1725 4612 descripserit,
1749 4547 1847 4614 quare
1860 4528 2123 4596 Westermannus

194 4627 387 4714 (Beoypdpoe
411 4651 441 4714 p.
467 4633 526 4714 74)
550 4629 668 4697 Suidae
692 4633 833 4718 glossam
848 4632 1009 4699 Eudociae
1032 4634 1182 4699 inmerito
1206 4632 1431 4718 posthabuisse
1450 4633 1576 4699 videtur
1599 4632 1893 4720 (olVollrmanuus
1915 4635 1972 4701 1.1.
1994 4639 2121 4726 nott).

196 4733 312 4820 Itaque
335 4737 393 4800 vix
416 4735 485 4800 fieri
508 4745 616 4824 potest
638 4746 676 4804 nt
690 4739 872 4824 Hesychius
889 4739 985 4806 istam
1001 4739 1165 4806 Dudooias
1188 4738 1452 4826 suppeditaverit.
1498 4740 1684 4827 augebitur
1707 4763 1784 4808 vero
1806 4741 1994 4826 suspitionis
2016 4765 2121 4822 cansa,

195 4840 254 4905 nbi
274 4843 479 4927 scriptionem
502 4843 608 4928 qualis
632 4853 681 4911 est
704 4845 886 4930 περιήγησις
906 4845 1049 4923 ‘buddae
1072 4847 1112 4912 ab
1136 4845 1322 4910 ἁλιεοτικιῦν
1345 4849 1500 4933 scriptore
1522 4850 1619 4913 nimis
1635 4847 1807 4914 abhorrere
1822 4847 2038 4934 perpenderis.
2082 4849 2121 4915 In

194 4946 257 5012 tali
278 4969 384 5012 rernm
408 4949 590 5015 condicione
613 4952 745 5017 titulum
768 4953 860 5017 illum
885 4953 926 5018 ab
957 4957 1029 5038 ipsa
1050 4951 1193 5018 Eudooia
1217 4991 1259 5003 -
1281 4974 1363 5039 qnae
1385 4955 1526 5040 singulos
1549 4956 1722 5041 scriptores
1744 4975 1928 5041 percensere
1951 4955 2055 5022 noluit
2078 4997 2121 5006 —

194 5053 249 5118 vel
265 5053 306 5118 ab
329 5055 470 5140 inperito
493 5056 608 5122 lectore
624 5058 664 5123 ad
680 5059 899 5143 inscriptionis
915 5057 1157 5125 similitudinem
1174 5052 1277 5146 qualis
1294 5083 1320 5126 1.
1337 5085 1368 5150 g.
1386 5083 1411 5126 s.
1429 5061 1590 5138 anecdotor
1609 5061 1776 5146 Κορίνθιος
1791 5061 1937 5138 ἐποποιός
1954 5063 2122 5129 exhibetur

194 5159 398 5248 (οἰκουμένης
430 5163 612 5250 περιήγησιν
647 5167 680 5228 δι’
707 5166 810 5254 ἐπῶν)
841 5165 979 5232 effictum
1011 5187 1079 5230 esse
1110 5169 1268 5252 suspicari
1294 5166 1415 5251 licebit,
1449 5171 1511 5233 nisi
1542 5169 1621 5234 forte
1651 5167 1824 5234 Eudooiam
1857 5167 1945 5236 illam
1974 5171 2119 5236 notitiam

196 5265 329 5332 aliunde
352 5269 529 5355 adripuisse
552 5291 677 5338 sumere
701 5275 814 5340 mavis.
860 5273 1051 5340 Rectissime
1072 5281 1233 5360 postremo
1258 5273 1481 5342 Volkmannus
1505 5273 1701 5362 (1.1.)1111
1723 5276 1769 5340 M.
1792 5275 1969 5344 Schmidtio
1992 5277 2121 5363 (Fleck-

195 5373 297 5438 eiseni
318 5376 426 5440 annal.
450 5376 529 5462 phil.
553 5399 582 5442 a.
610 5384 695 5444 1855
718 5401 750 5466 p.
775 5381 855 5462 474)
879 5401 918 5444 ex
942 5377 1102 5446 Eudociae
1125 5380 1252 5446 silentio
1276 5380 1397 5448 Suidae
1423 5381 1543 5469 glossis
1571 5383 1718 5450 insitieiis
1746 5382 1905 5469 purgandi
1933 5393 2122 5471 argumenta

304 5641 323 5712 ¹)
344 5641 473 5698 Cetemm
493 5643 566 5712 quod
579 5643 714 5702 Flaohlus
733 5645 886 5715 (11111111.
901 5647 985 5715 nse,
1008 5647 1070 5714 194)
1088 5647 1159 5702 hanc
1177 5645 1302 5714 glossam
1321 5647 1461 5719 Hesycbio
1480 5647 1623 5720 adtribuit,
1642 5648 1671 5704 id
1689 5656 1840 5720 propterea
1858 5647 1974 5720 inprobo
1993 5649 2066 5718 quod
2086 5649 2120 5706 de

195 5728 302 5785 Zonaei
320 5729 378 5785 rita
395 5730 465 5786 nihil
484 5731 612 5803 traditur,
631 5748 687 5801 qua
705 5749 736 5788 re
755 5733 790 5788 ad
812 5734 926 5790 suidam
945 5741 1088 5790 auctorem
1107 5733 1264 5790 deierimnr.
