4990 6456
1294 456 1312 510 4

1196 541 1407 550 ——-.—=

331 667 525 750 praesertim
557 665 590 728 in
621 662 715 728 libris
747 660 947 748 quorundam
979 663 1171 747 scriptorum
1203 661 1404 730 recensendis
1438 661 1606 748 aliquanto
1640 661 1802 728 uberiores
1836 684 1933 747 quarn
1965 661 2140 730 Snidianae
2175 675 2262 732 sunt.

330 769 451 846 Qualia
481 767 701 834 additamenta
729 769 768 832 ad
794 766 950 852 Hesycbii
978 769 1138 853 epitomen
1164 768 1315 855 pleneque
1342 771 1462 834 referre
1485 773 1519 834 et
1549 768 1607 832 nr.
1635 767 1820 834 Nietasclrio
1847 777 1881 834 et
1907 768 2039 836 Flacbio
2067 774 2174 838 visum
2203 780 2264 850 est,

335 875 420 942 unde
443 897 533 940 suern
556 876 697 961 ipsorum
720 873 761 938 de
783 873 841 938 illa
863 882 1020 958 tanquam
1043 876 1195 960 primario
1219 873 1380 942 Endociaa
1403 876 1490 940 fonte
1521 875 1712 939 sententiam
1741 877 1872 962 egregie
1903 874 2045 940 stabiliri
2074 878 2264 962 opinantur.

331 981 399 1048 *Sed
422 981 495 1046 ride
517 1005 557 1048 ne
581 1003 621 1046 ex
644 981 757 1046 barum
781 981 1000 1046 accessionum
1023 1003 1156 1047 numero
1179 982 1359 1069 permultae
1382 980 1568 1046 eximendae
1589 980 1657 1045 sint
1678 987 1792 1067 utpote
1815 979 1967 1047 eSuidae
1988 982 2093 1048 lexico
2115 984 2185 1069 ipso
2207 1007 2266 1072 per

330 1095 512 1156 contortam
535 1087 697 1173 quandam
720 1087 1018 1172 interpretationem
1042 1089 1162 1172 petitae
1185 1111 1241 1154 seu
1264 1111 1322 1175 per
1345 1109 1483 1154 errorem
1508 1086 1681 1173 quemlibet
1702 1109 1761 1154 nec
1791 1109 1854 1153 non
1882 1089 2086 1154 oscitantiam
2114 1091 2265 1177 (eamque

330 1193 533 1286 saepiuscule
556 1193 776 1280 librariorum)
798 1195 832 1258 in
856 1197 956 1260 vitam
979 1194 1120 1283 aliquam
1144 1194 1293 1264 neumae
1316 1217 1373 1262 seu
1395 1194 1526 1262 aliunde
1549 1196 1584 1262 iu
1606 1215 1697 1264 suam
1722 1215 1865 1284 quaeque
1894 1193 2002 1262 sedem
2024 1195 2079 1265 rel
2101 1195 2265 1268 Eudoeiae

335 1305 439 1388 ipsius
460 1300 515 1366 rel
537 1301 792 1386 Byzantinorum
817 1300 1068 1388 magistellcrunr
1093 1297 1264 1368 sedulitate
1287 1305 1443 1368 invectae.
1490 1298 1647 1375 Quocirca
1673 1299 1744 1366 fieri
1775 1304 1886 1387 nequit
1919 1302 1997 1388 quin
2020 1303 2150 1389 siugussa
2177 1304 2266 1370 dein·

331 1431 410 1495 ceps
433 1410 618 1474 testimonia
647 1407 749 1472 multo
783 1410 890 1472 acrius
921 1406 1114 1472 subtiliorve
1146 1430 1242 1493 quam
1272 1408 1377 1474 adbuc
1408 1409 1529 1473 sactum
1559 1406 1700 1472 vidimus
1730 1415 1918 1473 enarrentur
1946 1415 1979 1474 et
2007 1409 2265 1494 perpendantur:

335 1537 516 1603 quanquam
540 1554 582 1564 —
606 1515 639 1579 id
669 1513 755 1602 quod
783 1517 880 1579 nimis
904 1513 1094 1580 conmodum
1118 1516 1200 1580 foret
1223 1554 1268 1566 --
1290 1513 1331 1580 ad
1355 1537 1422 1580 eam
1445 1533 1588 1578 normam
1611 1535 1678 1578 rern
1702 1515 1830 1600 exigere
1852 1515 1942 1580 nefas
1970 1523 2029 1598 est,
2062 1525 2097 1582 ut
2126 1516 2266 1601 plurime

330 1622 551 1690 additamema
574 1643 644 1687 sero
667 1621 792 1686 demum
815 1622 973 1688 lectorum
996 1621 1156 1688 industria
1177 1625 1347 1688 accessisse
1370 1643 1442 1688 cnm
1463 1619 1632 1686 Nitzscbio
1656 1619 1691 1707 (l.
1714 1603 1742 1684 l!
1761 1627 1804 1684 33
1828 1620 1894 1708 sq.)
1916 1642 2090 1686 sumamus.

348 1735 349 1738 ’
442 1729 575 1796 Flacbio
598 1751 674 1796 vero
696 1727 735 1815 (l.
759 1728 781 1793 l.
807 1733 847 1792 39
872 1729 939 1814 aq.)
961 1726 1101 1794 indolem
1125 1749 1201 1795 rere
1223 1728 1458 1813 Hesychianarn
1481 1747 1557 1814 prae
1580 1748 1615 1792 se
1636 1727 1721 1791 ferre
1743 1727 1894 1794 videntur
1916 1731 2099 1794 notationes
2122 1727 2265 1796 mrunoe

329 1835 533 1922 glossarum:
557 1858 583 1900 s.
600 1834 790 1921 Ἀντιφάνης
815 1837 853 1920 (i.
871 1859 897 1900 e.
921 1835 1108 1918 Ιιάρόστιος,
1132 1835 1295 1922 κωμικός),
1313 1835 1486 1918 Ἄψυρτος,
1503 1831 1711 1918 Ἀρχιμήδης,
1734 1833 1938 1918 Δαμόκριτος,
1955 1833 2046 1912 Δίων,
2059 1833 2264 1920 Ἑρμαγόρας,

336 1942 520 2028 Εόστέριις,
543 1942 776 2029 Ἐπαφρόδιτος.
824 1939 916 2016 Quod
944 1943 1005 2006 etsi
1028 1964 1085 2027 per
1109 1963 1143 2006 se
1165 1965 1276 2008 rerum
1301 1947 1350 2008 est
1372 1938 1445 2005 inde
1472 1947 1581 2005 tamen
1610 1941 1683 2022 ipsa
1711 1961 1820 2006 earum
1843 1940 2051 2026 Hesychiaua
2077 1942 2167 2030 origo
2194 1965 2264 2010 oon-

332 2049 463 2136 probari
487 2050 605 2134 nequit.
652 2051 735 2114 Nam
752 2049 850 2114 verba
873 2071 899 2114 s.
915 2050 979 2129 Ἀρ
988 2075 1027 2130 χι
1037 2048 1165 2132 μηδης
1189 2047 1257 2136 (καί
1273 2046 1316 2124 εἴς
1335 2071 1421 2124 τινας
1443 2055 1498 2110 τοῦ
1516 2045 1685 2121 Πλάτωνος
1704 2047 1881 2133 διαλόγους)
1903 2047 2065 2114 eudociae
2079 2049 2141 2134 ipsi
2157 2049 2265 2116 deberi

334 2155 524 2222 Nitasclrius
547 2155 583 2242 (l.
617 2155 637 2220 l.
663 2157 722 2241 33)
746 2158 811 2220 iarn
835 2157 1010 2241 perspexit,
1036 2177 1108 2220 oum
1124 2154 1240 2220 mulier
1255 2154 1380 2222 erudita
1394 2154 1434 2219 ad
1449 2155 1634 2240 aequalium
1650 2153 1911 2222 cousuetudinem
1926 2157 1960 2220 in
1976 2155 2123 2222 Platonis
2137 2157 2265 2241 scriptis

331 2285 465 2349 operam
488 2263 669 2328 comooasse
693 2262 852 2328 videatur.
900 2261 988 2328 Idem
1011 2259 1290 2348 Epaphroditi
1312 2261 1441 2348 aliquot
1461 2261 1615 2326 librorum
1638 2265 1822 2330 memoriam
1837 2283 1857 2325 a
1872 2263 2056 2349 cognitione
2071 2262 2264 2330 scholiorum

334 2370 576 2436 Homericorum
600 2377 633 2435 et
655 2369 901 2434 Pindaricornm
924 2371 994 2436 iure
1016 2371 1147 2454 repetiit
1169 2369 1217 2454 (p.
1242 2369 1348 2454 32).)
1394 2369 1516 2436 Contra
1545 2366 1676 2432 difficile
1705 2374 1755 2432 est
1777 2375 1900 2434 certum
1931 2369 2015 2434 terre
2045 2368 2198 2434 iudicium
2222 2369 2261 2434 de

333 2479 461 2562 origine
489 2476 579 2542 tiluli
610 2498 636 2540 s.
667 2475 928 2558 Δαμόκριτος
956 2475 1170 2563 (Αδθιοαικην
1202 2473 1343 2558 ἱστορίαν
1373 2475 1428 2540 καί
1456 2475 1561 2560 ἄλλα),
1592 2496 1687 2560 quem
1716 2475 1779 2562 ipsi
1807 2473 1969 2540 Eudociee
1998 2476 2179 2542 innotuisse
2210 2476 2265 2540 vix

331 2582 531 2665 crediderim,
562 2585 659 2648 immo
682 2583 893 2668 Bernhardyo
922 2584 1116 2668 (Commeat.
1146 2581 1186 2648 de
1209 2581 1296 2650 Suid.
1321 2582 1383 2648 lex.
1407 2605 1438 2668 p.
1462 2581 1591 2667 XXXI)
1620 2581 1801 2668 adstipulor
1829 2582 1882 2646 cui
1904 2581 2004 2648 verba
2026 2581 2083 2648 illa
2112 2584 2266 2668 (itemque

332 2689 400 2756 alia
421 2687 655 2774 additamenta)
677 2712 695 2755 e
718 2689 915 2775 plenioribus
939 2689 1057 2756 Saidee
1079 2689 1172 2756 libris
1202 2689 1391 2775 profluxisse
1418 2689 1578 2754 videntur.
1624 2691 1733 2774 Atque
1755 2687 1874 2754 Suidae
1906 2710 1986 2773 opus
2017 2689 2067 2754 bis
2095 2687 2159 2754 illis
2187 2689 2265 2756 locis

332 2795 509 2882 aliquando
532 2797 631 2862 luisse
654 2796 894 2881 locupletiorem
918 2819 1013 2882 quam
1038 2795 1125 2883 quod
1147 2817 1206 2862 uos
1229 2796 1378 2862 manibus
1401 2817 1577 2880 versamus,
1603 2796 1758 2862 neminem
1781 2797 1898 2862 mirum
1921 2795 2057 2862 babebit
2079 2796 2134 2882 qui
2157 2796 2265 2881 singu·

333 2903 435 2968 larem
460 2903 617 2968 eiusmodi
640 2903 797 2970 librorum
821 2902 1038 2970 condicionem
1062 2905 1285 2988 fortunamque
1307 2905 1510 2989 reputaverit
1534 2904 1592 2989 (cf.
1615 2901 1845 2987 Bembardyns
1867 2901 1890 2966 l.
1913 2902 1937 2968 l.
1962 2924 1993 2987 p.
2008 2901 2119 2984 XLII,
2143 2901 2265 2986 LXIV,

334 3009 699 3093 Nietzsobiusl.l.192‚
716 3011 901 3077 Nitzscbius
916 3009 939 3075 l.
951 3011 974 3076 l.
989 3018 1041 3087 33,
1057 3009 1095 3074 R
1111 3010 1272 3074 Maassius
1288 3009 1327 3075 de
1341 3009 1457 3094 Sibyll.
1472 3009 1568 3076 indic.
1584 3010 1673 3074 Dias.
1690 3009 1818 3094 Grppb.
1836 3013 1933 3093 1873,
1948 3032 1980 3094 p.
1998 3016 2039 3073 56
2056 3015 2089 3074 et
2104 3009 2190 3088 adn,
2207 3031 2265 3075 nos

333 3115 442 3202 infra).
482 3115 586 3191 Quam
597 3139 663 3184 rem
676 3119 706 3182 si
717 3117 909 3200 tenebimus,
921 3138 1084 3202 perpauca
1095 3115 1151 3182 illa
1162 3113 1391 3198 additamenta,
1405 3137 1486 3203 quae
1498 3117 1583 3182 uude
1595 3119 1753 3202 originem
1764 3117 1924 3182 traxerint
1935 3138 1993 3202 pro
2005 3122 2093 3182 certo
2106 3115 2265 3182 enucleari

334 3223 458 3309 nequit,
480 3221 521 3286 ad
545 3224 675 3289 uberius
698 3223 829 3309 aliquod
844 3223 963 3289 Suidae
979 3221 1143 3308 exemplar
1158 3245 1222 3288 uon
1237 3230 1357 3290 temere
1373 3244 1523 3290 revocare
1538 3221 1732 3289 videbimur.
1778 3223 1824 3288 At
1839 3222 1879 3288 de
1894 3221 1979 3287 libro
1995 3244 2021 3287 s.
2035 3220 2265 3306 Ἑρμαγόρας

333 3331 452 3396 ceteris
474 3330 596 3396 adiecto
620 3333 760 3396 certiora
782 3338 919 3418 possunt
942 3333 977 3394 in
999 3329 1139 3394 medium
1161 3331 1308 3415 proferri.
1354 3329 1501 3396 'situlum
1523 3330 1673 3396 nimirum
1698 3329 1770 3414 περί
1784 3329 1893 3392 κιόλων
1909 3329 1962 3394 καί
1977 3329 2132 3412 περιόδων
2149 3329 2265 3395 Suidae

335 3439 484 3522 ignotum
508 3437 550 3502 ab
572 3437 717 3502 Endocia
739 3441 810 3524 ipsa
832 3438 899 3503 sive
922 3439 1025 3504 mavis
1054 3435 1201 3503 edoctis
1230 3436 1407 3504 lectoribus
1437 3437 1544 3502 verbis
1567 3437 1639 3520 napi
1662 3437 1839 3518 σχημάτων
1861 3437 2139 3526 interpretamenti
2161 3438 2266 3502 instar

334 3541 412 3608 olim
434 3542 632 3630 adscriptum
654 3545 754 3610 fuisse
778 3543 947 3610 contendo.
992 3545 1142 3629 Namque
1163 3544 1198 3608 in
1219 3543 1402 3612 Alexandri
1425 3541 1498 3628 napi
1520 3553 1584 3608 τῶν
1608 3553 1663 3628 της
1691 3543 1803 3620 λέξεως
1832 3543 2008 3628 σχημάτων
2038 3543 2264 3628 explanatione

336 3648 391 3736 (cf.
416 3649 524 3716 ebert.
549 3649 606 3746 Gr.
630 3650 683 3716 III
709 3659 749 3716 27
774 3651 824 3716 ed.
849 3651 1004 3738 Spengel)
1028 3652 1121 3736 quasi
1142 3652 1295 3737 primaria
1316 3650 1505 3734 σχήματα
1534 3660 1589 3736 τῆς
1617 3649 1730 3726 λέξεως
1757 3649 1969 3737 designantur
1996 3649 2180 3734 περίοδος
2210 3647 2264 3712 κατ’

333 3763 459 3820 κῶλον
483 3756 537 3826 καὶ
550 3739 591 3826 ⁴2⁰
626 3783 677 3847 γα,
716 3758 833 3845 quibus
856 3757 1118 3843 interpolatorem
1148 3760 1328 3846 quicunque
1351 3759 1379 3822 is
1411 3759 1474 3823 fuit
1503 3757 1719 3844 Hermagorae
1749 3757 1926 3841 σχημάτων
1955 3765 2183 3844 argumentum
2213 3755 2265 3820 de-

333 3864 454 3930 lineare
484 3829 640 3928 voliiirdi·A
656 3867 730 3950 quis
759 3864 901 3950 amplius
930 3865 993 3931 ibit
1021 3863 1168 3930 infitias?
1211 3863 1339 3930 Rursus
1371 3866 1589 3930 testimonium
1621 3864 1706 3950 quod
1737 3871 1827 3932 extat
1856 3886 1882 3928 s.
1907 3863 2014 3930 Δίων
2037 3863 2264 3951 φιλόσοφος

331 3970 425 4056 (ἀλλὰ
450 3967 504 4032 καί
519 3970 682 4052 διαλόγους
699 3973 832 4046 πολλοὺς
848 3974 928 4034 κατὰ
943 3971 1079 4054 μίμησιν
1097 3971 1283 4057 Πλάτωνος)
1306 3970 1347 4036 ad
1362 3977 1465 4038 totam
1481 3993 1547 4038 rem
1564 3971 1686 4036 nullius
1703 3994 1772 4038 esse
1787 3973 1940 4038 momenti
1955 3972 2115 4038 neminem
2131 3967 2264 4056 effuget

334 4080 391 4163 qui
415 4076 532 4143 Snidee
555 4078 656 4143 verba
678 4077 817 4162 ἔγραψεν
840 4079 1007 4154 ἐπιστολάς
1030 4081 1109 4162 πρὸς
1133 4078 1292 4146 Πλάτωνα
1315 4077 1370 4142 καί
1392 4077 1504 4154 ἄλλους
1528 4077 1616 4154 τινάς
1639 4118 1683 4130 -
1706 4081 1798 4146 cuins
1822 4077 1982 4144 inlocum
2000 4077 2264 4144 Hematerhusiur

332 4185 429 4258 ἄλλος
452 4183 622 4250 substituit
638 4225 681 4232 —
697 4184 959 4251 consideraverit.
1005 4185 1090 4250 Nam
1113 4185 1177 4252 tale
1201 4185 1279 4272 qnid
1302 4184 1387 4271 apud
1411 4183 1543 4250 Suidam
1567 4185 1771 4252 intercidisse
1794 4184 1879 4271 quod
1902 4183 2004 4252 tradit
2025 4185 2066 4250 Ε.
2088 4187 2158 4252 sive
2181 4183 2264 4250 benc

331 4293 437 4376 ipsam
460 4289 603 4354 munem
626 4291 713 4356 illius
737 4292 916 4358 orationem
938 4291 1077 4378 proclivi
1104 4295 1289 4360 coniectura
1318 4291 1519 4377 supplevisse
1547 4295 1617 4358 reri
1647 4291 1848 4360 simillimum
1875 4300 1935 4358 eat.
1980 4292 2032 4357 Ac
2061 4295 2151 4376 prius
2180 4288 2264 4356 illud

332 4398 369 4462 iu
391 4395 503 4482 glossa
524 4417 551 4460 s.
568 4397 695 4482 Ἀψυρ
707 4424 768 4476 τος
793 4401 936 4467 evenisse
954 4399 1092 4482 ridetrrr,
1117 4399 1173 4464 ubi
1187 4399 1226 4464 E.
1241 4406 1318 4484 post
1332 4397 1454 4484 napi..
1471 4398 1593 4481 άλόγων
1608 4399 1736 4466 rebonis
1752 4401 1879 4467 omissis
1893 4399 1929 4462 ὲν
1942 4397 2075 4482 paulibus
2092 4397 2264 4480 τέσσαρσιν

332 4501 466 4586 αδδιδιτ,
499 4523 682 4590 quenquam
705 4528 744 4570 ne
766 4505 798 4570 id
821 4504 951 4591 quidem
975 4509 1131 4591 suspicari
1153 4506 1309 4573 absonum
1333 4513 1392 4588 est,
1422 4504 1584 4572 Eudooiae
1607 4505 1803 4590 temporibus
1825 4507 2009 4573 memoriam
2037 4502 2126 4568 illius
2156 4503 2263 4589 operis

333 4609 471 4674 nondum
497 4609 594 4675 inisse
618 4612 847 4696 oblitteratam,
871 4615 992 4701 pariter
1016 4621 1115 4700 atque
1136 4612 1219 4678 alter
1241 4612 1374 4678 libellus
1397 4612 1552 4700 (turpata
1573 4609 1710 4694 βιβλίον)
1733 4611 1827 4676 hodia
1851 4610 1956 4678 adhuc
1979 4617 2080 4679 extat.
2126 4609 2262 4674 Prorsus

334 4714 473 4802 denique
495 4717 620 4782 lubrica
642 4727 691 4784 est
714 4719 821 4803 opinio
844 4722 931 4786 siout
959 4720 999 4786 de
1028 4726 1099 4786 tota
1121 4719 1233 4806 glossa
1255 4741 1281 4784 s.
1303 4719 1565 4806 Ἀντιφάνης,
1590 4737 1654 4803 qna
1675 4725 1742 4782 tres
1766 4717 1965 4803 Antiphanis
1994 4717 2121 4781 nomine
2148 4721 2263 4801 poetae

334 4843 398 4886 uno
425 4829 536 4888 tenore
559 4832 775 4902 recensentur,
806 4827 855 4890 ita
877 4824 915 4890 de
938 4826 1045 4892 verbis
1068 4823 1123 4889 καί
1145 4823 1247 4902 ἄλλος,
1279 4825 1468 4908 Καρόστιος,
1499 4824 1649 4904 κωμικός,
1677 4822 1824 4908 ἔγραψε
1848 4823 2060 4912 κωμῳδίας
2088 4823 2126 4899 λ’,
2157 4821 2190 4886 oi
2223 4821 2262 4884 δὲ

334 4927 593 5006 πεντήκοντα,
617 4930 666 4995 bis
691 4931 819 5020 quidem
843 4933 1088 5000 uoioeViolario
1111 4934 1207 5011 notia
1230 4934 1535 5026 qmbumurnjiuuat
1558 4953 1735 5018 conponere
1750 4929 1923 4996 Suidiana:
1947 4929 2014 4993 ἔστι
2039 4929 2072 4994 δὲ
2090 4927 2143 4992 κατ’
2157 4929 2261 5012 ἕτερος

332 5033 532 5121 Ἀντιφάνης,
563 5035 751 5120 Καρύστιος,
782 5038 897 5122 τρανός
921 5039 1080 5128 (τραγικός
1103 5037 1236 5108 coniecit
1257 5037 1534 5130 Toupius),uroerd
1561 5037 1711 5103 θέσπιν
1734 5037 1869 5120 γεγονός
1892 5047 1957 5114 τοῖς
1981 5036 2111 5121 χρόνοις
2133 5035 2198 5122 (of.
2220 5033 2261 5100 D.

333 5141 558 5207 Volkmannus
587 5151 712 5229 quaest.
741 5168 813 5212 nov.
842 5171 874 5233 p.
903 5147 979 5232 IX),
1007 5170 1066 5232 pro
1093 5148 1210 5233 quibus
1237 5146 1383 5214 Robdius
1410 5146 1511 5233 (Mus.
1535 5144 1598 5210 Rb.
1626 5167 1658 5210 n.
1688 5152 1740 5222 34,
1767 5144 1847 5231 620)
1877 5143 1915 5210 de
1937 5143 2123 5229 Antiphane
2153 5142 2261 5228 aliquo

333 5245 453 5312 comico
475 5249 619 5334 cogitans
644 5249 769 5332 θέογνιν
802 5251 857 5338 (cl.
883 5251 974 5318 Snid.
997 5273 1022 5318 s.
1049 5251 1237 5336 Νικόμαχος
1260 5255 1360 5326 Ἀλεξ.
1389 5259 1422 5318 et
1451 5273 1477 5316 s.
1508 5251 1634 5336 θὲογνις
1663 5257 1770 5338 τραγ.)
1799 5253 1911 5321 suant.
1959 5249 2023 5318 Sed
2049 5249 2261 5336 Bemhardyo

337 5351 405 5416 iere
432 5351 593 5420 adsentior
621 5354 661 5420 de
684 5355 802 5422 Suidae
831 5365 916 5423 certe
944 5359 1109 5426 notafione
1131 5359 1286 5426 iudicanti
1309 5356 1415 5444 (euid.
1438 5355 1515 5423 edit.
1539 5357 1556 5422 1
1580 5357 1679 5443 491):
1712 5356 1815 5440 ,Utut
1838 5364 1898 5436 ast,
1922 5355 2100 5442 Καρύστιος
2123 5355 2261 5438 κωμικός

447 5603 469 5670 ¹)
488 5601 531 5656 De
549 5602 646 5672 glossa
664 5619 687 5660 ι.
707 5601 860 5673 sensam
878 5603 953 5659 infra
971 5602 1025 5658 erit
1044 5601 1191 5660 ridendum
1208 5601 1256 5676 (ol.
1274 5602 1372 5659 Flacb.
1390 5603 1410 5658 l.
1428 5603 1449 5659 l.
1468 5605 1524 5670 76).
