4990 6456
1354 571 1393 630 16

515 779 551 868 6)
573 800 600 844 e.
626 777 778 855 Νάννος
801 778 1132 863 Πανοπολίτης..,
1158 776 1357 862 λογιώτατος,
1387 777 1404 844 ὃ
1428 776 1482 842 καί
1504 777 1559 842 τὸν
1582 775 1745 860 παρθένον
1766 777 1912 862 Ἰωάννην
1935 779 2144 866 παραφριίσιις
2168 782 2211 846 ds’
2233 783 2338 860 ἐπῶν,

407 905 487 974 quse
510 886 610 952 verba
631 908 696 953 non
719 885 876 954 eiusmodi
898 894 976 952 sunt
998 893 1035 953 ut
1057 887 1099 953 ab
1122 885 1267 952 Eudocia
1288 889 1360 972 ipss
1381 886 1528 973 prolecta
1550 907 1622 952 esse
1650 892 1815 972 nequeant
1842 886 1996 973 (cetermn
2019 889 2060 954 cs.
2084 889 2283 956 Flaclrinst
2310 893 2335 957 1.

406 999 459 1077 4-9,
482 1016 514 1057 n.
540 1003 556 1057 1
581 993 637 1058 flu.
661 1001 695 1060 et
717 993 804 1059 Viol.
828 992 877 1059 cd.
900 1017 932 1081 p.
958 993 1048 1082 514).

511 1099 644 1168 Ceteras
667 1123 748 1187 quae
769 1101 834 1167 huc
855 1101 1017 1186 pertinent
1044 1101 1131 1166 vitas
1153 1102 1218 1166 iam
1240 1100 1430 1166 Nitzschius
1457 1100 1496 1187 (l.
1520 1100 1540 1166 l
1566 1107 1606 1166 At
1631 1103 1696 1188 sq.)
1719 1102 1779 1168 sub
1803 1123 1939 1168 examen
1961 1106 2130 1183 vocavit¹l
2176 1106 2337 1172 Videmus

405 1213 512 1274 sutem
535 1229 629 1294 quam
652 1211 801 1274 inmerito
824 1207 975 1274 Flechius
998 1209 1045 1296 (p.
1071 1208 1130 1294 49)
1153 1208 1213 1273 has
1237 1227 1345 1272 omnes
1368 1207 1424 1272 uni
1448 1207 1611 1292 Hesychio
1634 1207 1859 1278 vindicaverit.

1281 1492 1327 1562 ca
1351 1491 1388 1562 ο
1412 1491 1458 1564 ιν.

416 1635 570 1776 Qualis
606 1636 729 1743 ratic
767 1635 890 1742 inter
928 1633 1185 1742 liclarium
1224 1640 1269 1742 et
1305 1510 1544 1742 lieertium
1582 1635 2008 1772 Philostratumque
2045 1641 2318 1750 intercedet.

510 1831 600 1896 Sicut
622 1833 655 1894 in
671 1827 789 1894 Suidaa
811 1827 1073 1916 philosophorum
1097 1831 1319 1896 notationibus
1341 1829 1565 1916 pernoscendis
1587 1828 1620 1893 id
1640 1833 1813 1914 praecipue
1828 1831 2002 1916 quaeritur,
2026 1835 2132 1918 qualis
2147 1837 2230 1902 ratio
2245 1841 2334 1904 inter

402 1936 533 2006 Suidam
556 1937 640 2022 (sire
656 1935 867 2019 Hesychium)
889 1943 988 2020 atque
1002 1935 1167 2000 Laertium
1191 1935 1381 2020 intercedat,
1402 1937 1451 2004 ite
1471 1938 1505 2001 in
1528 1936 1640 2001 iisdem
1664 1939 1741 2002 vitis
1757 1937 1918 2004 Eudcciac
1941 1939 2052 2006 sedulo
2072 1942 2332 2030 investigandum

403 2053 452 2114 est
474 2051 632 2132 quatenus
654 2045 691 2108 in
713 2041 853 2128 singulis
873 2041 934 2110 illa
956 2043 1123 2110 Laertium
1145 2046 1250 2127 ipsum
1274 2044 1400 2128 adimit,
1431 2063 1510 2129 quas
1533 2042 1707 2130 particulas
1731 2067 1747 2110 e
1771 2043 1873 2110 Suida
1894 2045 2138 2136 deprompserit
2149 2050 2176 2137 ²)
2221 2053 2334 2138 Atque

402 2156 439 2218 iu
460 2154 565 2240 priore
588 2151 647 2216 illa
668 2150 891 2236 disquisitione
915 2172 987 2216 cum
1010 2147 1115 2216 altera
1130 2157 1199 2216 arte
1215 2173 1334 2218 conexa
1349 2149 1408 2218 Fr.
1424 2149 1455 2214 N
1462 2151 1711 2218 ietaschium
1736 2149 1835 2240 (Mus.
1851 2150 1913 2216 Rh.
1931 2175 1963 2217 n.
1982 2157 2034 2232 24,
2060 2161 2119 2219 211
2141 2157 2227 2244 sqq.)
2251 2159 2334 2222 mul-

401 2271 470 2326 tum
487 2260 667 2326 elaborasse
682 2266 795 2324 notum
809 2265 870 2340 cst,
894 2276 1074 2343 quanquam
1090 2277 1181 2324 susm
1196 2260 1379 2344 opinionem
1389 2293 1434 2306 --
1447 2265 1556 2324 censet
1570 2259 1722 2324 nimirum
1738 2257 1993 2325 Demetrium
2009 2261 2241 2348 Magnetem
2257 2287 2333 2331 con-

404 2389 531 2434 muuem
543 2367 667 2434 Laertii
680 2365 897 2450 Hesychiique
919 2371 1081 2432 auctorem
1105 2365 1203 2430 fuisse
1220 2403 1263 2414 -
1278 2385 1383 2451 neque
1405 2364 1480 2432 eliis
1503 2387 1562 2430 nec
1584 2365 1663 2432 mihi
1678 2365 1744 2430 ullo
1758 2368 1885 2432 nomine
1900 2369 2060 2452 persuasit
2073 2369 2131 2452 (cl.
2150 2367 2209 2452 ,dc
2224 2369 2257 2436 S.
2273 2371 2329 2436 b.···

404 2481 469 2540 470
491 2475 566 2562 sq).
612 2473 722 2560 Atque
745 2475 841 2538 etiam
857 2471 1008 2538 Flschius
1030 2471 1080 2536 illi
1101 2472 1291 2538 adversatus
1314 2480 1373 2554 est,
1397 2475 1488 2538 cuius
1513 2471 1642 2556 quidem
1665 2479 1856 2558 argumenta
1877 2473 1932 2560 (ct
1957 2495 1989 2556 p.
2013 2481 2057 2540 50
2076 2477 2152 2561 sq.)
2176 2481 2331 2562 quoniam

403 2580 445 2648 ad
466 2579 677 2648 Endociae
701 2581 811 2646 vitas
842 2581 961 2646 rectius
983 2577 1199 2644 aestimandas
1230 2577 1317 2644 haud
1349 2577 1433 2644 levis
1466 2589 1542 2646 sunt
1572 2582 1735 2662 momenti,
1769 2579 1933 2664 paululum
1962 2583 2149 2650 erarniuare
2170 2585 2332 2673 placem

402 2689 487 2756 Care
509 2694 618 2753 tamen
640 2686 673 2751 id
695 2686 756 2752 tibi
778 2684 982 2772 persuadeas,
1005 2685 1175 2752 Flaehium
1198 2688 1269 2750 suis
1291 2688 1402 2750 nixum
1425 2685 1603 2750 rationibus
1633 2685 1847 2771 conprobaase
1868 2686 2043 2754 Eudocism
2067 2689 2331 2776 philosophorum

401 2799 477 2862 vius
500 2793 664 2864 Scidienis
687 2813 887 2878 nequaquam
910 2813 979 2857 esse
1000 2813 1101 2859 usam.
1147 2791 1211 2858 Sed
1234 2813 1316 2877 nego
1339 2793 1468 2856 omnino
1497 2795 1635 2878 primum
1663 2799 1889 2879 argumentum
1917 2815 1981 2878 quo
2004 2796 2181 2862 Nietuschii
2209 2798 2334 2882 placita

401 2905 594 2990 inpugnarit
615 2922 691 2966 vero
719 2898 885 2985 solidoque
913 2900 973 2964 niti
1002 2897 1219 2964 fundamento.
1265 2899 1320 2964 An
1343 2899 1469 2966 Laertii
1495 2903 1583 2966 vitae
1610 2898 1784 2984 aliquando
1814 2899 1902 2964 luere
1932 2900 2093 2984 pleniores
2121 2924 2219 2987 quam
2247 2927 2331 2990 quas

401 3009 494 3075 nobis
516 3011 673 3094 inspicere
695 3005 794 3072 licet?
839 3003 933 3080 Quod
955 3006 1086 3072 minime
1108 3005 1315 3072 confirmatur
1343 3005 1461 3092 glossis
1487 3026 1514 3070 s.
1537 3005 1755 3090 Ἀντισθένης
1785 3006 1897 3092 (quam
1921 3007 1960 3074 Ε.
1988 3007 2030 3074 ad
2058 3010 2194 3076 verbum
2222 3011 2288 3076 fere
2311 3035 2332 3076 e

400 3117 531 3182 Laertio
553 3115 611 3192 Vl,
646 3125 659 3179 1
694 3136 741 3200 sq.
774 3113 951 3200 descripsit,
985 3112 1042 3177 sed
1074 3113 1174 3178 verba
1206 3121 1350 3178 extreme
1382 3109 1672 3196 ἑβδομηκοντούτης
1705 3113 1873 3208 repleretur
1904 3116 2010 3182 neseio
2041 3115 2126 3182 unde
2157 3117 2329 3204 hauserit),

398 3245 425 3288 s.
447 3223 652 3306 Ἀρίστιππος
674 3221 883 3302 Ἀριτάδου
912 3219 1028 3304 (verba
1050 3219 1248 3304 Ἀρίστιπποι
1274 3221 1424 3303 τέσσαρες
1453 3219 1599 3301 γεγόνασι
1630 3231 1664 3284 et
1693 3218 1765 3302 περί
1793 3210 1830 3282 οὗ
1862 3245 1895 3284 τε
1924 3218 2054 3304 ὁλὸγος
2083 3223 2257 3290 eLaertio
2281 3225 2330 3308 11,

400 3331 596 3414 restinxero,
620 3328 675 3394 sed
697 3328 804 3394 noluit
819 3328 857 3394 Ε.
873 3327 962 3394 illem
984 3331 1201 3394 narrationem
1224 3327 1390 3396 eLaertio
1413 3329 1564 3404 mutuari,
1582 3330 1705 3411 quippe
1729 3348 1824 3411 quam
1846 3329 1881 3392 in
1904 3327 2036 3394 bravius
2059 3337 2256 3396 conuectum
2280 3335 2330 3396 iu-

398 3441 523 3504 veniret
553 3437 639 3522 apud
673 3433 806 3504 Suidam
837 3456 863 3504 s.
896 3433 1124 3518 Ἀρίστιππος,
1156 3457 1292 3520 quocum
1325 3435 1391 3500 lere
1424 3433 1597 3501 concordat
1627 3432 1762 3498 adiectis
1795 3432 1956 3501 nonnullis
1993 3434 2034 3500 de
2067 3431 2225 3523 Aristippi
2257 3441 2331 3503 vita

400 3544 641 3628 Laertienis),⁴)
664 3564 691 3607 s.
717 3540 822 3610 θεονώ
846 3541 962 3628 (verba
985 3541 1129 3625 θυγάτηρ
1152 3541 1212 3620 μὲν
1237 3541 1455 3616 Πυθώνακτος
1479 3541 1562 3606 sicut
1584 3547 1657 3606 tcta
1678 3540 1789 3626 glossa
1812 3563 1830 3606 e
1852 3539 1952 3608 Suida
1980 3543 2035 3628 qui
2057 3543 2252 3627 peculiarem
2275 3565 2324 3610 se·

399 3652 509 3738 quitur
522 3659 685 3716 auctorem
705 3651 809 3735 petita
830 3651 934 3730 sunt),
959 3673 984 3715 s.
1001 3648 1197 3732 Ἐπιμενιόης
1214 3649 1282 3736 (κοί
1298 3649 1457 3732 Βλσίστης
1474 3651 1549 3714 item
1566 3646 1687 3714 Suidee
1703 3651 1790 3714 vitae
1805 3667 1887 3734 quae
1901 3669 1922 3712 a
1936 3649 2116 3716 Laertisua
2129 3649 2168 3739 [I,
2188 3657 2249 3716 109
2265 3651 2329 3740 sq]

397 3761 477 3824 satis
510 3757 633 3824 recedit
665 3755 863 3844 debetuffl)
910 3757 1083 3824 Praeterea
1109 3755 1251 3824 dubitari
1281 3756 1393 3841 nequit
1422 3757 1500 3840 quin
1522 3755 1560 3820 E.
1584 3755 1739 3820 nonnulla
1766 3757 1957 3841 cognomina
1985 3778 2067 3842 quse
2095 3765 2210 3826 extant
2237 3757 2327 3842 apud

397 3864 529 3931 Suidam
551 3864 608 3950 (cf.
631 3863 834 3928 Nietaschius
858 3862 879 3927 l.
903 3863 925 3928 l.
951 3871 1013 3928 215
1038 3861 1101 3950 sq.)
1131 3885 1219 3929 mero
1242 3885 1317 3929 casu
1340 3863 1492 3940 omiserit,
1522 3879 1603 3948 quae
1626 3862 1762 3928 multum
1786 3863 1879 3928 abest
1901 3869 1939 3928 ut
1961 3861 2173 3946 perseidsm
2196 3862 2326 3930 demum

395 3970 526 4038 aliunde
549 3970 619 4058 (rel
640 3971 669 4035 si
692 3970 840 4055 ponimus
862 3969 1063 4056 Hesychium
1085 3992 1103 4036 a
1126 3970 1290 4036 Demetrio
1314 3971 1477 4056 Magnete,
1502 3969 1567 4034 vid.
1592 3969 1761 4034 Flachium
1785 3991 1817 4056 p.
1844 3973 1900 4056 52)
1930 3973 2133 4038 accesserint.
2180 3971 2227 4038 At
2255 3975 2329 4036 iure

396 4078 548 4146 Flachius
570 4077 726 4162 Hesychii
748 4076 1011 4164 philosophorum
1033 4077 1190 4144 librorum
1212 4078 1342 4144 tabulas
1364 4099 1384 4142 s
1408 4078 1544 4144 Laertio
1567 4076 1767 4144 abiudicavit
1789 4115 1833 4126 -
1856 4077 1912 4142 sed
1935 4077 2055 4144 indices
2076 4101 2104 4143 s.
2128 4078 2329 4160 Πυθαγόρας

398 4193 429 4252 et
451 4207 478 4250 s.
501 4185 658 4260 Πιττακός
681 4183 842 4250 eximendi
863 4190 957 4251 erent
981 4222 1034 4267 —,
1058 4207 1240 4271 quanquam
1264 4208 1304 4250 ne
1325 4187 1359 4250 in
1384 4185 1444 4250 hec
1468 4183 1598 4270 quidem
1627 4205 1723 4250 causa
1750 4205 1860 4255 veram
1889 4187 1937 4250 rei
1964 4187 2122 4252 rationem
2151 4187 2327 4274 perspexit.

397 4293 482 4357 Nam
505 4292 624 4358 iudices
646 4314 687 4358 ex
709 4291 818 4358 ecdem
841 4292 929 4356 fonte
952 4313 1048 4378 quem
1070 4293 1104 4356 in
1126 4294 1206 4358 ritis
1229 4292 1420 4377 plerumque
1442 4291 1592 4360 adhibuit
1607 4292 1792 4376 Hesychius
1816 4313 1881 4358 uua
1902 4294 2133 4378 transscripsit,
2158 4315 2221 4358 uon
2241 4315 2328 4358 seor·

397 4419 467 4464 sum
490 4402 651 4466 recensuit
673 4407 729 4466 aut
752 4399 827 4466 data
848 4421 949 4486 opera
978 4401 1182 4485 conquisivit.
1226 4401 1328 4466 Porro
1357 4398 1397 4463 de
1428 4399 1502 4465 aliis
1533 4399 1700 4467 nonnullis
1729 4401 1808 4464 vitis
1837 4399 1981 4466 breviter
2008 4399 2235 4486 disputandum
2264 4407 2329 4477 est,

397 4526 530 4590 quarum
553 4505 694 4570 indolem
717 4507 938 4574 Nictzschium
960 4509 1088 4594 penitus
1112 4515 1309 4594 perspectam
1332 4506 1485 4574 habuisse
1507 4506 1664 4574 Flcchius
1687 4508 1823 4592 negavit
1846 4508 1893 4592 (p.
1918 4513 1960 4572 52
1984 4507 2060 4594 sq).
2106 4508 2157 4574 Ao
2184 4509 2323 4593 primum

505 4757 528 4825 ι)
545 4755 623 4810 Idem
642 4763 734 4810 tamen
752 4755 854 4812 iniuria
871 4755 994 4825 glossmu
1013 4772 1036 4810 s.
1053 4753 1182 4810 Ἱστιαῖος
1202 4757 1309 4826 Σάμιος
1328 4755 1383 4810 hue
1401 4753 1546 4826 relegerit,
1565 4769 1648 4823 quam
1667 4769 1684 4809 e
1702 4753 1792 4810 Noun.
1812 4755 1848 4823 11,
1869 4756 1903 4810 10
1921 4755 2026 4825 (Cosm.
2045 4761 2082 4824 p.
2093 4753 2157 4824 137)
2180 4753 2324 4809 orisudsm

398 4859 462 4900 esse
480 4844 613 4900 Flaelrius
633 4843 729 4900 docuit
745 4849 784 4915 (p.
804 4846 854 4900 144
874 4853 903 4902 et
920 4845 993 4901 Vicl.
1013 4845 1056 4900 ed.
1076 4861 1103 4915 p.
1122 4843 1196 4915 398).

504 4933 579 5005 'let
597 4933 732 4990 Flsohlus
750 4935 769 4990 l.
787 4933 807 4989 l
823 4936 861 4990 49
880 4949 940 5004 sqq.
976 4935 1047 4992 llum
1066 4943 1160 4990 tamen
1176 4951 1232 4988 non
1252 4934 1323 4990 satis
1342 4935 1483 5003 adsequor
1503 4935 1544 4990 its
1562 4935 1722 5003 loquentem
1739 4935 1772 5004 (l.
1791 4934 1837 5004 l.):
1866 4935 1985 5000 „Desa
2010 4933 2147 4990 Suidss
2170 4931 2240 4988 uad
2257 4931 2321 4988 Es·

397 5023 508 5079 dckia
526 5022 757 5094 uusbhtngig
782 5038 845 5078 ron
869 5023 1053 5080 einander
1077 5023 1183 5079 diere
1204 5022 1348 5078 Schrilt
1367 5023 1530 5092 rtaertrma
1549 5033 1681 5095 excerpta
1698 5025 1864 5094 intellegere
1884 5024 2006 5094 videtur)
2032 5022 2226 5094 complure,
2251 5021 2277 5076 d.
2297 5023 2325 5076 h.

397 5112 732 5167 bruchstirckueise
751 5111 1050 5182 abgesclrriebeu
1069 5113 1194 5182 haben,
1217 5113 1322 5168 steht
1340 5112 1469 5168 ebenec
1488 5113 1578 5184 sest,
1602 5114 1677 5182 wic,
1697 5113 1784 5168 dass
1804 5108 2014 5184 Hesychius
2034 5111 2162 5167 selber
2179 5111 2328 5168 nlemsls

398 5199 711 5272 sbgeschriehen,
738 5203 896 5257 eundern
916 5210 1005 5257 stete
1026 5219 1091 5256 eus
1111 5202 1230 5258 einen
1248 5218 1396 5271 grosseu
1415 5201 1566 5258 Artikel
1586 5203 1692 5258 elren
1712 5201 1858 5260 kleinan
1877 5190 2098 5271 red'ig'irend
2122 5215 2327 5256 zusammen·

397 5305 547 5362 gezcgen
570 5290 646 5359 hat,
671 5291 753 5346 slsc
776 5292 868 5346 anch
895 5291 1059 5347 desselbe
1078 5290 1289 5347 Verlshren
1311 5291 1370 5347 bei
1390 5291 1575 5360 Diogenes
1598 5291 1833 5348 beobschtet
1858 5291 1979 5347 haben
1997 5289 2117 5360 πίοιμ’·
2144 5303 2218 5359 quse
2235 5291 2329 5344 omnis

398 5381 477 5435 uiruls
496 5379 666 5436 confidenter
683 5381 711 5434 iu
730 5380 849 5436 medium
866 5381 979 5451 prclsts
997 5389 1069 5436 sunt.

504 5469 527 5538 ¹)
546 5468 708 5538 Quanquam
725 5471 751 5524 is
770 5470 861 5524 omnis
879 5477 1041 5539 arguments
1059 5486 1130 5540 quse
1149 5470 1303 5526 Nietzschii
1323 5469 1399 5525 illam
1420 5470 1585 5525 sententiam
1604 5470 1789 5526 dissuadeant
1806 5469 1917 5526 minime
1937 5471 2076 5526 exhausit.

504 5559 527 5628 ⁴)
544 5557 679 5614 Flschius
697 5557 771 5613 Vici.
790 5575 816 5628 p.
837 5560 888 5614 122
906 5567 990 5630 errat,
1009 5576 1070 5616 cum
1085 5561 1230 5634 Ἀριιιὶοοσ
1248 5573 1346 5614 nomen
1365 5560 1393 5614 in
1412 5559 1516 5614 Suidse
1535 5559 1625 5616 lexico
1645 5559 1748 5614 deesse
1766 5560 1814 5614 sit.

504 5649 526 5718 Ι)
545 5647 633 5703 Recte
655 5647 761 5703 indicat
778 5647 911 5705 Flaclrius
935 5654 974 5720 (p.
992 5651 1041 5720 51)
1064 5650 1098 5704 de
1124 5649 1231 5718 aliquot
1255 5649 1284 5703 iu
1309 5657 1419 5719 patrum
1437 5648 1594 5704 nominibus
1622 5647 1784 5704 adterendis
1809 5647 1942 5720 Hesychii
1961 5646 2169 5716 additamentis,
2187 5663 2322 5719 perverse

397 5741 489 5789 sutem
508 5735 542 5792 de
560 5737 598 5806 gl.
618 5735 834 5812 ι.“11ρο’κλειτσι,
854 5739 1013 5812 Σωκράτης,
1035 5737 1225 5813 Θεόφραστος,
1244 5754 1361 5807 quarum
1381 5738 1496 5794 ubertas
1516 5753 1532 5793 e
1551 5737 1666 5808 proprio
1686 5737 1780 5809 potius
1793 5737 1929 5809 Hesychii
1948 5739 2026 5794 mute
2045 5735 2200 5794 meanis
2211 5737 2325 5794 ridetur
