4990 6456
1037 1153 1245 1214 ...u-“t'‘
1263 1155 1269 1163 '
1392 1181 1420 1221 ,.ι

229 1279 306 1402 De
336 1277 605 1402 Eudociec
637 1275 879 1398 Violarii.
899 1277 975 1395 iu*
1256 1235 1496 1427 ¹plorum
1532 1271 1866 1394 Graecorum
1905 1269 2162 1392 fontibus.

1085 1549 1298 1562 ..nuh—..—

335 1673 434 1809 Quod
457 1727 561 1794 nuper
583 1709 618 1772 in
641 1662 898 1774 coumebtatione
931 1705 990 1789 „de
1015 1706 1133 1773 Suidae
1155 1707 1436 1794 biographieorum
1460 1706 1582 1791 origine
1606 1710 1639 1769 et
1660 1703 1733 1786 fide,
1758 1704 1891 1789 Lipsiae
1916 1709 2036 1788 teum,
2058 1727 2090 1790 p.
2116 1710 2160 1769 26

226 1821 294 1880 not.
321 1823 360 1878 17
386 1813 794 1901 (=F1sckeiseniannel.
818 1813 896 1900 phil.
921 1813 1027 1900 suppl.
1051 1823 1128 1880 torn.
1151 1813 1211 1892 XI,
1237 1820 1300 1877 426
1325 1819 1391 1877 not.
1418 1810 1473 1898 17)
1497 1811 1540 1874 Η.
1556 1797 1684 1876 Flac'hii
1699 1811 1819 1876 librum
1847 1809 2160 1896 „Uetersuchungen

227 1923 307 1987 iiber
321 1919 471 1986 Eudokia
493 1921 558 1984 und
574 1919 689 1986 Suidae
712 1919 820 2006 (Lips.
848 1920 970 2006 1879)“
995 1921 1184 2006 inscriptum
1208 1919 1401 2003 explicatius
1425 1939 1474 1983 me
1498 1923 1721 1983 enarraturum
1744 1939 1884 1982 necnon
1900 1918 2159 1982 examinaturum

227 2051 297 2094 esse
320 2030 538 2114 promiseram,
560 2027 595 2092 id
618 2028 750 2094 consilio
773 2050 859 2094 nunc
884 2033 1011 2094 mutato
1027 2031 1076 2092 ita
1091 2029 1208 2113 exequi
1222 2028 1384 2104 constitui,
1408 2032 1447 2091 ut
1461 2031 1563 2091 totam
1581 2045 1662 2111 quae
1678 2025 1710 2088 in
1726 2025 1905 2089 Violarii
1928 2025 2159 2110 glossarum

226 2136 589 2222 biographicarum
612 2136 799 2201 fontibus
822 2136 1021 2201 rimandis
1046 2141 1194 2200 versatur
1217 2135 1442 2220 quaestionem
1461 2153 1526 2198 non
1548 2138 1615 2198 tam
1638 2139 1848 2198 retractarem
1866 2153 1960 2218 quam
1977 2131 2159 2196 adcertum

227 2241 386 2329 quendam
407 2241 505 2306 finem
527 2262 585 2328 pro
609 2241 686 2306 meis
709 2242 833 2307 viribus
857 2241 1060 2325 perducerem
1083 2240 1313 2328 solveremque.
1361 2237 1431 2314 Quo
1456 2243 1490 2303 in
1515 2261 1647 2304 munere
1671 2246 1919 2306 consentaneum
1940 2244 1990 2303 est
2004 2245 2161 2322 perpetuo

226 2349 328 2414 fuisse
355 2350 514 2414 rationem·
538 2335 715 2414 hahendam
747 2348 833 2414 illius
865 2347 1048 2434 scriptionis
1080 2347 1214 2430 alaoth,
1245 2354 1357 2432 utpote
1391 2350 1446 2432 qui
1474 2350 1615 2410 omnium
1647 2348 1866 2432 copiosissime
1893 2349 1928 2410 iu
1958 2367 2025 2410 rem
2055 2343 2161 2430 quade

226 2457 336 2541 agitur
360 2457 574 2541 inquisiverit.
621 2451 726 2520 Oardo
750 2475 828 2520 vero
852 2458 952 2521 totius
977 2456 1171 2541 quaestionis
1197 2493 1238 2502 -
1262 2461 1300 2519 ut
1321 2456 1427 2518 missis
1451 2454 1644 2539 ambagibus
1668 2455 1702 2517 in
1729 2453 1849 2518 medias
1877 2473 1928 2517 res
1957 2458 2161 2517 transeamus

226 2601 270 2610 -
292 2563 326 2626 in
348 2563 409 2627 hac
431 2583 467 2625 re
490 2559 693 2627 diiudicanda
715 2565 865 2646 vertitur,
889 2569 997 2628 utrum
1021 2560 1166 2635 Eudocia
1189 2563 1224 2625 in
1247 2563 1327 2626 vitis
1350 2560 1415 2624 illis
1438 2561 1597 2646 epitomen
1622 2581 1661 2624 ex
1683 2559 1838 2644 Hesychii
1854 2559 1972 2624 Milesii
1988 2558 2160 2624 Onomato·

225 2668 301 2754 logo
325 2669 511 2751 confectam,
545 2689 638 2754 quam
663 2671 696 2732 in
719 2667 873 2733 Suidae
897 2669 1022 2754 quidem
1047 2669 1263 2754 biographicis
1286 2667 1462 2732 adhibitam
1486 2687 1556 2731 esse
1578 2687 1664 2732 nunc
1687 2667 1752 2731 fere
1776 2673 1903 2734 constat
1926 2665 1981 2752 (cf.
2007 2667 2045 2730 de
2068 2663 2160 2732 Suid.

225 2774 327 2860 biogr.
354 2781 416 2838 407
441 2777 514 2860 sq),
538 2773 751 2860 conpilaverit
774 2795 816 2838 an
839 2778 980 2841 uitamm
1004 2776 1176 2840 maximam
1200 2781 1322 2858 partem
1346 2771 1497 2839 eSuidae
1519 2772 1625 2838 lexico
1649 2773 1891 2859 deprompserit.
1937 2773 2005 2838 Nec
2031 2771 2161 2836 defuere

224 2902 328 2966 usque
351 2879 499 2945 adhunc
522 2881 588 2946 fere
611 2879 702 2960 diem,
727 2885 782 2966 qui
805 2884 942 2946 istamm
965 2883 1152 2966 opinionum
1177 2883 1233 2946 uni
1255 2881 1390 2946 alterive
1413 2887 1542 2946 strenue
1565 2883 1855 2966 patrocinarentur.
1903 2879 1968 2945 Sed
1984 2878 2059 2943 nolo
2075 2899 2160 2943 nunc

226 2986 278 3052 vel
309 2993 441 3073 propter
472 2990 739 3054 conmentationis
772 2987 868 3053 huius
901 2991 1070 3076 angustias
1099 2987 1247 3073 singulos
1276 2987 1445 3073 utriusque
1474 2985 1589 3071 placiti
1618 2986 1763 3052 vindices
1795 2985 1942 3072 deinceps
1975 3006 2162 3050 enumerare

225 3113 400 3180 eorumque
422 3093 542 3160 iudicia
570 3115 608 3159 ea
637 3115 701 3180 qua
730 3117 790 3181 par
818 3102 869 3161 est
898 3094 1067 3182 diligentia
1096 3113 1255 3181 exponere
1285 3133 1329 3142 —-
1359 3096 1567 3182 quantumvis
1597 3095 1671 3159 hinc
1701 3093 1742 3159 ad
1772 3099 1874 3160 totam
1905 3093 2158 3179 disquisitionem

225 3199 420 3266 luculentius
451 3201 709 3286 perspiciendam
743 3203 891 3267 nonnihil
920 3201 1128 3268 emolumenti
1158 3201 1411 3267 redundaturum
1444 3201 1543 3288 probe
1572 3205 1669 3268 sciam
1693 3204 1952 3288 -praesertim
1980 3221 2054 3265 curn
2084 3207 2161 3286 post

225 3307 353 3372 Flachii
375 3328 468 3373 curas
499 3307 581 3396 (1.1.
606 3331 637 3394 p.
662 3315 704 3374 35
728 3308 791 3396 sq.)
822 3310 898 3374 huic
927 3311 973 3374 rei
1003 3311 1072 3394 ipse
1099 3347 1139 3356 -
1165 3327 1345 3395 quanquam
1375 3330 1440 3373 nou
1467 3309 1507 3373 ab
1536 3311 1623 3373 omni
1652 3315 1746 3393 parte
1768 3347 1811 3356 -
1836 3309 2047 3374 satisfecerim
2076 3307 2113 3394 (l.
2137 3307 2158 3371 l.

224 3435 255 3500 p.
279 3421 341 3478 426
359 3435 391 3478 n.
412 3415 477 3500 17).
524 3415 704 3480 Novissima
725 3437 801 3481 vero
829 3421 933 3480 aetate
949 3417 1004 3502 qui
1019 3421 1122 3481 totam
1139 3417 1360 3502 quaestionem
1376 3413 1451 3480 data
1466 3437 1562 3501 opera
1577 3419 1795 3481 retractarunt
1810 3420 1843 3479 et
1858 3415 1898 3479 R.
1914 3415 1946 3480 N
1953 3413 2160 3480 itaschius

224 3519 462 3607 (dissertatione
492 3521 742 3604 „Quaestionum
765 3522 1024 3588 Eudoeianarum
1049 3526 1155 3610 capita
1179 3527 1344 3608 quattuor,
1369 3521 1567 3608 Altenburgi
1593 3522 1716 3610 1868“)
1744 3529 1777 3587 et
1806 3521 1848 3586 H.
1873 3521 2079 3587 Flachius
2109 3521 2160 3608 (in

224 3626 247 3692 l.
272 3627 307 3712 l.)
330 3629 365 3691 in
387 3627 468 3692 duas
493 3636 602 3714 partes
630 3629 805 3694 discessere
834 3627 1087 3695 diversissimas:
1116 3629 1173 3695 ille
1200 3629 1322 3696 scilicet
1350 3629 1520 3715 plerasque
1547 3631 1690 3692 vitarum
1720 3626 1976 3694 Eudocianarum
2000 3649 2017 3692 e
2041 3625 2160 3693 Suidae

222 3734 407 3800 thensauris
423 3734 623 3820 profluxisse,
648 3736 700 3801 hic
715 3736 876 3802 Nitaschii
892 3737 1037 3822 opinioni
1051 3737 1234 3822 refragatus
1249 3736 1405 3821 Hesychii
1422 3734 1692 3820 Onomatologum
1714 3736 1788 3822 (seu
1803 3736 1925 3801 rectius
1943 3735 2160 3822 „epitomen“)

224 3861 414 3906 conmunem
449 3840 567 3907 Suidae
594 3841 819 3928 Eudociaeque
846 3843 965 3910 fontem
997 3844 1096 3908 fuisse
1126 3843 1252 3908 statuit.
1299 3841 1443 3915 Quorum
1471 3842 1653 3906 rationibus
1677 3839 1768 3926 quod
1797 3849 1854 3907 aut
1883 3839 2073 3924 adstipulari
2102 3847 2160 3904 aut

224 3945 356 4032 obloqui
380 3969 431 4012 me
452 3967 547 4034 posse
569 3949 608 4035 (1.
632 3970 658 4012 s.
684 3949 727 4036 c.)
752 3953 878 4035 negavi,
903 3950 959 4015 sed
983 3947 1100 4016 Suidae
1122 3949 1228 4014 lexico
1254 3949 1421 4014 mulierem
1446 3948 1572 4015 doctam
1595 3969 1686 4014 usam
1711 3969 1780 4013 esse
1797 3947 2028 4032 Onomatologo
2052 3953 2160 4012 tamen

223 4060 258 4119 et
280 4053 467 4141 corrigendi
491 4061 524 4121 et
547 4055 761 4141 amplificandi
785 4077 882 4123 eausa
904 4055 1051 4123 adhibito
1074 4055 1265 4143 significavi,
1292 4055 1325 4120 id
1347 4063 1418 4122 tota
1439 4077 1474 4121 re
1496 4057 1739 4142 religiosissime
1762 4055 1865 4120 denuo
1887 4055 2051 4139 pensitata
2073 4073 2159 4118 nunc

223 4161 270 4225 sie
291 4161 568 4246 ohcumscriptum
591 4162 676 4245 volo,
700 4169 737 4228 ut
758 4163 797 4227 u.
821 4162 1005 4250 (Eudocia),
1031 4169 1189 4249 quatenus
1214 4185 1277 4228 non
1300 4161 1382 4228 alios
1404 4167 1578 4250 scriptores
1595 4163 1686 4229 velut
1700 4163 1865 4226 Laertium
1881 4166 1914 4225 et
1930 4159 2157 4225 philostratum

222 4265 349 4351 adierit,
379 4289 489 4334 omnes
512 4270 579 4333 fere
601 4271 686 4335 vitas
709 4291 726 4334 e
751 4270 852 4336 Suida
875 4273 967 4336 unice
999 4273 1149 4336 mutuata
1170 4274 1223 4337 sit.
1272 4271 1366 4346 Quod
1389 4278 1427 4337 ut
1450 4271 1525 4336 aliis
1548 4290 1673 4357 quoque
1696 4269 1858 4335 iudicibus
1888 4269 2052 4355 probetur,
2079 4289 2159 4354 prae

224 4376 340 4439 ceteris
356 4373 481 4440 Flachii
504 4383 704 4462 argumenta,
728 4376 844 4462 quibus
867 4380 1062 4443 contrariam
1085 4381 1280 4444 sententiam
1305 4381 1454 4444 evincere
1477 4387 1614 4444 conatus
1639 4384 1696 4462 est,
1719 4376 1869 4442 sollerter
1886 4385 1918 4442 et
1933 4377 2158 4461 circumspecte

224 4480 440 4546 examinanda
461 4481 627 4549 videntur:
656 4484 773 4569 quibus
797 4506 871 4549 cum
893 4484 1049 4569 probandi
1072 4487 1138 4549 vim
1160 4507 1198 4551 ac
1223 4507 1358 4550 nervum
1382 4483 1616 4551 detraxerimus
1645 4490 1757 4549 nostra
1786 4483 1882 4548 simul
1910 4485 2055 4569 ipsorum
2086 4503 2159 4548 con-

224 4587 431 4652 roborabitur
454 4591 571 4673 opinio.
619 4588 767 4678 [Violan'i
791 4591 888 4656 editio
911 4591 1087 4657 Flachiaua
1109 4591 1215 4679 (Lips.
1243 4594 1346 4679 1880)
1375 4613 1447 4658 sero
1477 4593 1555 4656 mihi
1581 4591 1740 4674 innotuit3
1770 4590 1826 4656 sed
1856 4597 2015 4676 quatenus
2046 4591 2158 4654 etiam-

225 4713 310 4758 nunc
332 4689 427 4760 lieuit
451 4715 520 4760 eam
543 4695 696 4786 adhibuit

1120 4892 1225 4980 caput
1249 4895 1269 4963 Ι.

225 5033 288 5140 lle
308 5029 500 5140 fiolarii
525 5031 704 5166 aliquot
729 5033 836 5143 ritis
861 5038 1106 5170 praecipue
1134 5037 1184 5145 in
1215 5035 1444 5146 librorum
1477 5035 1652 5146 tabulis
1671 5008 1818 5144 ¹Suida
1852 5033 2151 5143 auctioribus.

332 5225 372 5289 In
395 5225 525 5290 Violeto
547 5229 599 5292 sat
620 5223 743 5292 multae
765 5231 968 5312 reperiuntur
991 5228 1120 5316 glossae
1141 5237 1216 5316 post
1239 5230 1484 5316 Bemhardyum
1507 5251 1528 5296 a
1549 5229 1605 5294 Fr.
1626 5229 1810 5294 Nietascbio
1834 5228 1934 5315 (Mus.
1952 5227 2014 5293 Rh.
2039 5251 2071 5292 n.
2097 5233 2149 5312 22,

228 5337 289 5396 189
315 5331 391 5418 sq),
414 5331 486 5398 dein
508 5355 529 5397 a
551 5333 590 5398 R.
606 5333 774 5401 Nitzschio
797 5334 835 5422 (l.
858 5337 879 5400 l.
904 5343 947 5401 30
970 5336 1046 5424 sq),
1069 5345 1228 5423 postremo
1248 5337 1417 5404 aFlachio
1442 5337 1481 5424 (l.
1503 5337 1526 5402 l.
1550 5339 1593 5401 38
1617 5338 1684 5422 sq.)
1705 5335 1831 5422 plene¹)
1853 5335 2047 5420 conpositas,
2070 5353 2151 5420 quae

335 5582 357 5650 ¹)
378 5581 466 5638 Unum
484 5581 589 5638 addere
609 5582 676 5638 licet
693 5583 884 5640 testimouium
903 5599 925 5640 s.
946 5586 1054 5648 Ζωίλος,
1077 5582 1125 5638 ubi
1142 5581 1177 5638 Il.
1195 5589 1262 5654 post
1287 5587 1414 5656 τελευτῆς
1434 5583 1518 5640 rerba
1542 5587 1634 5655 βιβλία
1653 5585 1719 5638 δέκα
1743 5583 1858 5638 exhibet
1883 5579 1998 5652 (Suidae
2023 5593 2046 5650 β.
2067 5585 2152 5660 τρία),

227 5669 291 5725 deiu
308 5671 400 5741 pergit
417 5672 509 5727 verbis
528 5674 590 5747 περὶ
609 5675 802 5746 Ἀμφιπόλεως
820 5677 911 5744 βιβλία
931 5677 1002 5750 τρία,
1021 5685 1093 5742 quae
1113 5672 1205 5727 omnia
1223 5687 1287 5734 nuru
1306 5673 1342 5729 ab
1360 5673 1503 5744 Hesychia
1521 5672 1648 5743 profecta
1668 5673 1725 5730 rint
1742 5672 1921 5728 vehementer
1940 5670 2045 5726 dubito.

1958 5780 1990 5832 1*
