4990 6456
1181 567 1219 622 17

234 777 361 864 quidem
386 798 411 842 s.
435 774 735 858 Ἀναξίμανδρος
766 795 818 838 res
845 775 894 838 ita
923 777 1099 858 conparata
1127 779 1186 850 ost,
1216 777 1253 838 ut
1281 771 1388 857 prima
1417 771 1517 836 verba
1545 791 1618 836 curn
1642 767 1742 836 Suida
1772 771 1942 836 concinant
1974 769 2090 857 (usqne
2119 769 2160 834 ad

234 884 366 971 Θάλεω),
389 882 464 950 dein
487 887 639 968 excerpta
654 903 672 948 e
687 881 817 946 Laertio
840 879 904 961 (ΙΙ,
929 879 964 964 1)
986 876 1200 946 adnectantur
1222 880 1281 964 (-
1299 877 1389 964 πῦρ),
1414 882 1483 942 turn
1500 875 1620 944 Suidae
1635 879 1779 942 narrato
1794 883 1960 962 repetatur
1982 878 2041 962 (·-
2057 879 2160 940 dato-

233 990 312 1078 νῶν)
334 991 463 1058 insertis
485 997 593 1056 tarnmr
616 989 800 1054 Laertiauia
823 984 892 1072 (ani
914 983 1321 1073 ὤνησεν-κατεσκεύασεν),
1352 991 1460 1050 catara
1490 983 1627 1069 denique
1656 1004 1768 1050 rursus
1797 1005 1814 1048 a
1837 983 1971 1050 Laertio
2000 985 2161 1068 conpilata

230 1101 308 1164 sint.
356 1094 472 1163 Suidae
494 1101 602 1162 autem
624 1094 840 1161 narrationem
864 1113 947 1179 quae
970 1091 1010 1156 ad
1033 1091 1226 1177 peculiarem
1257 1093 1379 1158 1551555
1407 1089 1530 1158 recedit
1551 1089 1589 1154 Ε.
1620 1088 1769 1174 reddidit,
1801 1091 1857 1156 sad
1888 1089 2036 1156 frustulis
2061 1091 2161 1157 baer-

231 1206 334 1270 tianis
349 1203 569 1288 locupletavit.
608 1201 724 1286 Itaque
740 1199 807 1266 noli
822 1201 946 1288 opinari
961 1199 1086 1265 Laertii
1101 1206 1288 1268 caumatum
1304 1199 1431 1266 lacunis
1446 1219 1516 1264 assa
1530 1194 1733 1284 adfectunr.¹)
1767 1198 1852 1264 Dein
1867 1219 1893 1263 5.
1909 1197 2160 1282 Ἀναξιμένης

230 1311 270 1376 E.
294 1309 424 1376 Suidnm
454 1311 510 1395 qui
532 1308 696 1374 Laertiuru
725 1307 855 1392 ignoret
882 1309 1042 1392 expressit
1063 1327 1164 1393 nsque
1187 1307 1229 1372 ad
1254 1305 1427 1390 diriperis,
1456 1304 1530 1370 inde
1552 1305 1726 1370 Laertiana
1749 1304 1902 1370 delibavit
1924 1304 1978 1391 (ct.
2003 1304 2086 1370 Vici.
2111 1304 2159 1371 ed.

231 1441 263 1504 p.
289 1416 357 1505 94).
403 1415 527 1484 Contra
542 1437 568 1480 s.
585 1413 780 1497 Διογένης
796 1415 863 1478 Sar.
887 1419 1017 1497 preater
1039 1413 1163 1480 scholia
1183 1413 1224 1478 ad
1240 1413 1339 1499 Greg.
1357 1413 1436 1478 Nan.
1460 1412 1583 1498 (Nona.
1607 1411 1635 1493 I,
1660 1411 1720 1498 25)
1742 1411 1847 1476 solum
1862 1412 2034 1477 Laertium
2050 1419 2161 1478 secuta

230 1544 300 1590 asae
324 1521 452 1588 videtur
475 1522 529 1606 (cf.
544 1521 630 1587 Vioh
654 1519 704 1588 ed.
728 1543 759 1606 p.
786 1519 914 1608 239h2)
958 1519 1105 1606 Adparet
1126 1522 1227 1607 igitur
1249 1520 1292 1586 ab
1315 1519 1460 1586 Eudooia
1481 1539 1639 1604 nusquam
1662 1539 1732 1584 esse
1748 1515 1933 1584 adhibitum
1949 1519 2160 1604 Hesychium.

230 1631 299 1696 Neo
320 1631 443 1715 poterit
464 1629 514 1696 illi
537 1630 681 1714 opinioni
703 1627 776 1696 iada
799 1629 866 1714 peti
887 1626 1095 1713 praesidium,
1120 1628 1203 1714 quod
1228 1627 1266 1692 F..
1291 1627 1461 1713 Porphyrii
1484 1627 1634 1692 historiae
1657 1624 1866 1711 philosophae
1892 1633 2042 1710 excerpta
2069 1625 2161 1711 „Sui-

229 1737 348 1804 diana“
377 1736 633 1823 praetorudsisse
660 1757 680 1802 a
705 1735 841 1802 Flachio
868 1735 914 1822 (p.
944 1735 1000 1823 55)
1031 1733 1159 1802 dicitur.
1205 1733 1333 1822 Quippe
1362 1733 1548 1818 Hesychius
1574 1754 1639 1798 non
1668 1729 1784 1796 Suidas
1814 1731 2031 1816 Porphyrium
2056 1769 2097 1782 --
2121 1732 2161 1797 da

227 1843 399 1926 Aristocle,
424 1864 517 1928 quern
541 1841 677 1908 aSuida
698 1841 881 1906 adhibitum
905 1863 974 1906 esso
997 1841 1247 1930 fragmentorum
1271 1841 1480 1926 superstitum
1500 1839 1621 1904 indoles
1637 1845 1749 1904 vetare
1763 1837 1901 1922 videtur,
1924 1861 1975 1904 res
1991 1839 2161 1904 admodum

231 1949 333 2016 dubia
355 1957 462 2015 est-
477 1949 672 2036 aliquotiens
687 1948 770 2014 adiit
791 1947 848 2034 (of.
864 1947 1011 2013 Rohdius
1033 1949 1119 2012 Mus.
1142 1947 1205 2012 Rh.
1230 1971 1261 2011 n.
1287 1954 1339 2030 33,
1366 1953 1429 2011 203
1453 1951 1547 2031 not).
1594 1943 1659 2010 Sed
1684 1967 1722 2008 na
1745 1943 1863 2010 desunt
1886 1944 2012 2031 quidem
2038 1947 2071 2010 in
2085 1945 2162 2011 Vio-

231 2055 298 2121 leto
329 2057 437 2142 copiae
466 2055 716 2140 Porphyrianae,
752 2055 840 2120 velut
875 2077 901 2119 s.
935 2056 1155 2138 Φερεκύδης
1185 2054 1343 2138 Σύριος,
1377 2075 1442 2139 qua
1477 2051 1516 2116 de
1551 2052 1661 2139 glossa
1694 2053 1777 2116 mira
1812 2053 1980 2138 proposuit
2009 2052 2160 2118 Flachins

230 2162 265 2246 (l.
290 2161 338 2247 1.),
362 2161 463 2228 verba
487 2165 684 2246 διδαχθῆναι
708 2199 751 2208 -
773 2161 864 2244 λόγος
888 2168 922 2226 et
944 2161 1140 2245 κτησάμενος
1164 2199 1207 2208 -
1230 2159 1352 2242 (lotitiam
1376 2167 1412 2225 at
1434 2161 1586 2225 notitiam
1610 2157 1663 2221 nul
1687 2158 1839 2240 τετέχθαι
1864 2157 1936 2240 napi
1958 2162 2015 2244 τὴν
2037 2159 2086 2240 με’
2113 2160 2159 2223 dl.

229 2267 377 2332 Robdius
401 2267 437 2356 (l.
461 2268 481 2332 l.
507 2268 585 2356 204)
608 2267 738 2332 aliunde
761 2271 831 2334 iure
851 2267 1022 2333 derivavit.
1069 2265 1223 2333 Suidiana
1244 2267 1348 2353 igitur
1370 2265 1477 2331 reddit
1498 2265 1684 2352 Eudooiafl)

339 2375 525 2448 Proximam
556 2384 607 2441 ast
633 2381 671 2440 ut
700 2395 907 2460 exponamus,
939 2375 1044 2460 qualis
1073 2377 1157 2440 ratio
1186 2377 1272 2440 inter
1294 2373 1516 2440 Eudociam
1540 2383 1580 2439 et
1602 2373 1860 2438 Philostrati
1889 2373 1997 2438 vitas
2020 2373 2159 2458 sophi-

228 2487 386 2547 starum
414 2480 602 2548 intercedat.
649 2479 753 2556 Quam
781 2482 815 2546 in
844 2502 911 2546 rem
939 2503 1051 2570 parum
1075 2480 1248 2567 diligenter
1276 2481 1484 2568 inquisivisse
1512 2479 1665 2546 Flachins
1688 2482 1736 2567 (p.
1763 2487 1803 2544 56
1828 2501 1885 2566 sq.‚
1909 2480 1947 2546 cf.
1970 2503 2001 2568 p.
2027 2485 2069 2545 20
2092 2481 2159 2566 sq.)

229 2587 402 2674 videtur.⁴)
447 2587 501 2656 Sic
532 2591 565 2654 in
597 2589 641 2676 gl.
666 2587 917 2674 Ἀριστειί1ης
948 2591 1108 2676 integrum
1135 2587 1335 2672 Hesychium
1359 2585 1490 2671 Suidas,
1522 2587 1665 2653 Eudocia
1687 2586 1924 2652 Philostratum
1954 2587 2017 2674 (Π,
2042 2587 2076 2676 9)
2106 2586 2159 2652 515·

228 2699 398 2782 scripsisse
422 2693 548 2762 dicitur.
595 2695 657 2760 Sed
680 2717 754 2761 cum
767 2695 949 2762 Violarium
973 2697 1130 2783 (itemquo
1146 2693 1196 2780 S.)
1219 2694 1326 2760 verbis
1350 2703 1404 2777 τῆς
1428 2701 1485 2756 νῦν
1502 2691 1661 2769 Βιθυνίας
1685 2698 1717 2758 51
1740 2694 1914 2781 φιλοσόφου
1930 2733 1973 2741 -
1990 2691 2159 2776 γενομένου

226 2800 383 2885 abundet,
415 2800 570 2867 Flachins
600 2799 788 2868 Philostrati
820 2823 900 2888 opus
929 2799 1105 2888 aliqnando
1136 2800 1267 2866 uberius
1295 2801 1402 2866 finxit.
1450 2800 1536 2865 Haec
1567 2821 1655 2866 mera
1683 2801 1807 2865 somnia
1839 2807 1925 2866 sunt.
1972 2801 2057 2866 Nam
2087 2801 2160 2865 vita

228 2907 435 2993 Hesychiana
457 2931 474 2974 e
497 2911 628 2994 proprio
651 2930 751 2995 eoque
774 2909 1000 2974 Philostrateis
1022 2908 1119 2973 adfini
1151 2909 1239 2974 fonte
1267 2907 1422 2996 profluxit
1450 2909 1584 2993 (notitia
1605 2907 1821 2994 geographica
1843 2907 1973 2972 Philoni
1996 2905 2158 2994 dabatur),

227 3014 270 3080 E.
294 3035 370 3080 vero
394 3009 512 3080 Suidae
535 3013 679 3102 glossam
707 3035 809 3100 usquc
836 3011 875 3080 ad
904 3014 1073 3098 paropinos
1104 3017 1274 3102 excerpsit,
1305 3011 1417 3079 deindo
1439 3013 1672 3080 Philostratum
1700 3013 1886 3100 conpilavit.
1934 3013 1997 3080 Sed
2028 3016 2159 3080 omnino

228 3123 318 3187 vitas
339 3120 414 3185 illae
437 3143 517 3208 quas
540 3121 697 3186 Flacbius
720 3121 901 3207 designavit
929 3143 1005 3186 num
1027 3123 1265 3188 Philostrstaae
1292 3120 1393 3186 sunt?
1439 3121 1583 3186 Primum
1607 3144 1633 3186 s.
1656 3121 1865 3206 Ἀδριανός
1890 3121 2072 3207 Hesychius
2101 3123 2158 3184 mi·

229 3229 316 3292 nima
340 3226 574 3292 Philostratum
596 3225 658 3312 (11,
685 3227 741 3314 10)
762 3225 907 3293 reddidit
930 3227 986 3314 (cf.
1010 3228 1264 3312 ἄντισχολαστης
1290 3267 1328 3278 -
1355 3227 1548 3316 γενόμενος),
1576 3251 1649 3294 curn
1673 3229 1710 3293 Ε.
1735 3251 1806 3294 eum
1830 3227 2037 3316 descripserit
2059 3227 2158 3292 libro-

229 3355 302 3398 rum
327 3341 435 3398 tamen
457 3332 717 3400 tabulacSuids
739 3333 872 3400 adiecta.
918 3333 1002 3400 Dein
1025 3355 1051 3400 s.
1074 3337 1330 3420 Ἀριστοκλῆς
1352 3335 1411 3400 illa
1426 3335 1544 3400 Suidae
1566 3335 1708 3421 glossam
1731 3338 1765 3399 in
1789 3337 1894 3401 fronte
1918 3343 1951 3400 et
1973 3337 2009 3400 in
2028 3334 2089 3400 fine
2105 3333 2159 3398 ad-

228 3439 338 3505 hibuit
359 3441 488 3508 insertis
511 3439 740 3506 Philostrateis
763 3439 826 3528 (11,
850 3441 896 3530 3).
942 3439 1025 3506 Tum
1048 3441 1141 3508 valde
1164 3443 1349 3530 ambiguum
1373 3450 1423 3510 ast
1446 3464 1521 3509 num
1545 3449 1617 3508 tota
1640 3445 1711 3510 vita
1734 3465 1759 3506 5.
1779 3443 1998 3518 Ἀοιιοὶσιος
2017 3441 2098 3524 ‘Pati
2114 3481 2157 3490 —

229 3553 356 3634 praeter
378 3545 516 3612 indicem
532 3585 575 3594 —
591 3569 609 3612 a
623 3547 820 3613 Philostrato
842 3549 944 3634 petita
966 3551 1012 3614 sit
1034 3548 1089 3637 (of.
1113 3551 1248 3633 γεγονώς
1265 3590 1307 3599 -—
1325 3549 1509 3636 Μαμοιίις).
1556 3549 1651 3616 (lerte
1673 3551 1772 3616 verba
1796 3571 1897 3636 usque
1920 3547 1962 3614 ad
1982 3549 2158 3633 ἠκροάσατο

228 3659 393 3718 auctorem
415 3653 574 3738 resipiant
596 3656 629 3718 in
652 3656 767 3720 ceteris
790 3653 823 3719 id
851 3676 953 3742 genus
981 3656 1057 3722 vitis
1082 3655 1197 3722 Suidae
1224 3657 1416 3742 adhibitum,
1446 3655 1518 3722 dein
1549 3658 1676 3744 scriptis
1706 3660 1898 3724 enumeratis
1921 3679 1939 3721 e
1963 3655 2159 3722 Philostrato

231 3759 294 3846 (11,
331 3761 388 3847 33)
425 3761 580 3826 nonnulla
615 3761 758 3828 subiecta
788 3769 875 3826 sunt
920 3761 958 3826 a.
994 3769 1102 3830 autem
1136 3764 1197 3848 (—
1219 3763 1422 3852 ἐπαίδευσεν)
1453 3763 1685 3830 Philostratum
1715 3765 1876 3850 excerpsit
1911 3762 1965 3852 (cf.
1990 3761 2076 3828 Viol.
2108 3760 2157 3827 ed.

230 3889 265 3952 p.
291 3867 379 3954 113).
426 3867 574 3956 Denique
602 3891 628 3934 s.
648 3865 881 3952 Ἑρμογένης
905 3867 1142 3936 Philostratum
1167 3873 1314 3958 quamvis
1342 3893 1405 3936 non
1439 3870 1546 3936 eodem
1578 3869 1688 3936 ordine
1719 3871 1776 3937 illa
1806 3877 1918 3937 secata
1948 3875 2007 3954 est,
2039 3868 2157 3934 additis

231 3976 363 4060 insuper
393 3973 533 4039 eSuida
565 3973 670 4042 verbis
702 3974 871 4058 ὁὲιιίκλην
895 3973 1021 4062 Ξοοτὴρ
1045 3985 1078 4043 et
1102 3976 1288 4065 illonoan'qr
1311 3987 1354 4066 τῷ
1380 3979 1544 4066 φιλοσόφῳ
1595 3977 1815 4064 librorumque
1846 3976 1957 4043 tabula
1987 3976 2043 4062 (ci.
2068 3974 2156 4041 Viol.

232 4080 281 4145 ed.
305 4102 336 4164 p.
361 4079 451 4167 288).
496 4081 591 4147 Patet
613 4083 718 4168 igitur
740 4079 915 4149 Eudociam
939 4089 1065 4168 praeter
1087 4081 1321 4150 Philostratum
1344 4084 1462 4152 adiisse
1485 4105 1584 4149 unum
1609 4083 1752 4150 Suidam.
1799 4085 1867 4150 Nec
1889 4104 1966 4148 vero
1988 4081 2068 4148 illud
2092 4103 2158 4148 cre·

230 4185 330 4251 dibile
353 4194 403 4253 est
426 4185 626 4272 Hesychium
649 4188 805 4255 librorum
826 4188 946 4256 indices
968 4189 1098 4254 aliunde
1120 4211 1157 4256 ac
1179 4192 1263 4258 vitas
1285 4191 1501 4278 sophistarum
1525 4190 1693 4268 delibasse,
1725 4191 1758 4254 id
1788 4189 1874 4277 quod
1901 4212 1943 4256 ne
1970 4193 2003 4254 in
2027 4189 2158 4256 relicuis

229 4291 358 4378 quddam
382 4291 498 4380 glossis
521 4295 634 4360 fecisse
656 4295 794 4380 videtur,
824 4296 922 4362 immo
946 4297 1116 4382 primarius
1140 4299 1228 4364 vitae
1251 4304 1416 4364 enarrator
1439 4299 1535 4364 etiam
1558 4319 1655 4384 opera
1677 4299 1868 4384 scriptorum
1893 4296 1942 4361 illi
1973 4294 2157 4382 suppedita-

230 4401 362 4488 verit.⁶)
386 4439 429 4448 -
452 4401 520 4468 Nec
541 4401 678 4488 deniqne
701 4402 854 4470 Flachins
885 4405 933 4490 (p.
957 4410 999 4468 59
1023 4403 1088 4490 sq.)
1117 4404 1194 4469 mihi
1226 4406 1387 4490 persuasit
1417 4405 1450 4470 in
1481 4405 1635 4471 eiusmodi
1664 4405 1755 4488 vitis,
1787 4425 1867 4490 quas
1891 4401 2022 4469 Suidam
2052 4403 2156 4490 ipsum

231 4505 360 4572 aliunde
394 4507 598 4596 descripsisse
633 4517 768 4589 constat,
802 4511 974 4596 genuinam
1006 4510 1163 4598 Hesychii
1194 4514 1409 4578 narrationem
1444 4533 1592 4578 servasse
1625 4509 1810 4576 Eudociam.
1856 4510 1939 4576 Nam
1974 4511 2008 4573 in
2043 4509 2157 4596 glossis

344 4739 365 4807 ¹)
383 4739 513 4794 Ceterum
526 4739 559 4796 cf.
572 4739 604 4794 F.
617 4739 747 4795 Babnscb
761 4740 876 4809 055555
890 4740 926 4796 de
938 4740 1019 4811 Diog.
1032 4740 1125 4798 Laert
1139 4741 1219 4799 icutt
1232 4743 1312 4800 initia
1329 4743 1515 4814 (Gumbinnee
1530 4744 1610 4813 1868)
1629 4759 1656 4813 p.
1669 4742 1713 4814 92,
1727 4742 1761 4798 V.
1773 4741 1885 4798 1155555
1897 4741 1991 4796 Herm.
2004 4740 2027 4808 Ι,
2046 4741 2099 4796 370
2113 4757 2154 4810 aq.

342 4829 365 4898 ²)
385 4827 455 4896 Quid
474 4827 575 4898 probet
592 4831 650 4885 vite
669 4845 691 4884 5.
706 4829 886 4904 Ἀρίστιππος
910 4827 958 4898 (ci.
977 4827 1073 4885 Flacb.
1093 4849 1120 4901 p.
1138 4831 1187 4900 54)
1204 4833 1309 4889 nescio.
1347 4833 1430 4888 Certe
1448 4831 1582 4902 Hesycbii
1602 4831 1703 4888 fundas
1726 4846 1814 4900 nsque
1839 4829 1875 4886 ad
1900 4827 2002 4906 ἤρξατο
2024 4828 2155 4899 pertinet,

232 4915 340 4972 relicua
357 4917 472 4973 Laertio
497 4917 546 4987 (11,
566 4919 609 4973 65.
628 4919 671 4974 66.
692 4919 724 4973 ’11
745 4933 785 4988 sq.
805 4919 851 4990 86)
876 4918 1019 4974 debentur.
1055 4917 1219 4990 Pariterque
1244 4922 1283 4978 nil
1309 4923 1391 4978 docet
1413 4921 1509 4992 glossa
1529 4925 1678 4976 Βίαντος..
1698 4924 1760 4994 δίκη
1780 4937 1796 4976 5
1814 4919 1928 4976 Laertio
1954 4917 1988 4988 (1,
2007 4919 2053 4986 84)
2080 4925 2157 4974 certe

233 5006 405 5077 deprompta

342 5096 365 5166 ¹)
384 5095 439 5152 Cur
457 5096 590 5152 Flachins
611 5098 650 5167 (p.
669 5097 716 5167 56)
735 5103 825 5152 totam
844 5095 946 5154 Saitae
964 5097 1050 5154 vitam
1070 5114 1092 5156 5.
1105 5095 1226 5176 ’Όμηρον
1244 5099 1386 5170 Hesyabio
1405 5099 1582 5170 derogaverit
1600 5115 1655 5154 non
1674 5099 1809 5170 dispici03
1834 5098 1868 5154 11.
1887 5113 1952 5155 varo
1971 5099 2043 5157 alios
2062 5099 2156 5156 tontes

235 5199 267 5238 se
284 5201 303 5238 u
494 5186 500 5201 '
612 5187 646 5200 ''
683 5186 690 5198 '
851 5186 857 5198 '
947 5187 953 5200 “

270 5185 975 5348 c“glotildldrddlgddddlllltdlldlliudlillldfllldll
994 5275 1029 5330 de
1047 5275 1156 5332 ratium
1180 5294 1235 5346 qua
1254 5278 1445 5336 Philostratea
1468 5285 1497 5334 et
1514 5279 1663 5336 5555115555
1688 5287 1821 5348 excerpta
1848 5283 1905 5334 sint
1927 5278 2059 5350 exposuit
2083 5294 2155 5334 enm·

234 5363 331 5418 metim
350 5364 499 5434 conprobo‚
518 5379 608 5433 nequa
627 5380 662 5419 ea
679 5363 789 5420 Flaobii
807 5369 846 5434 (p.
866 5365 913 5436 24)
933 5364 1072 5420 debilibus
1091 5367 1260 5436 argumentis
1279 5367 1493 5423 labefactentur.

346 5454 367 5524 ι)
387 5451 449 5522 Qua
466 5453 500 5510 de
520 5470 606 5514 causa
623 5455 693 5513 mire
712 5459 920 5524 argumentatus
939 5463 984 5510 est
1001 5453 1137 5510 Flachins
1153 5474 1180 5527 p.
1199 5457 1244 5526 58,
1264 5457 1308 5524 59,
1331 5455 1434 5514 ubido
1454 5455 1559 5526 origine
1584 5456 1804 5514 testimoniorum
1830 5456 1921 5514 adbuc
1948 5453 2021 5528 apud
2042 5454 2155 5510 Suidam

237 5542 389 5598 arantium
409 5559 493 5613 prave
511 5541 658 5600 iudicavit:
676 5558 740 5601 nem
760 5541 785 5599 si
804 5543 912 5611 singula
931 5543 1143 5602 adcuratiasime
1161 5545 1352 5618 perpenderis,
1371 5547 1506 5618 ploraque
1525 5562 1543 5605 a
1560 5547 1701 5618 primariis
1713 5546 1849 5618 Heapcbii
1868 5544 1991 5602 fontibus
2004 5543 2157 5602 derivanda

238 5644 303 5684 essa
322 5631 477 5702 intelleges.
515 5632 576 5701 Qua
593 5631 629 5688 de
647 5648 678 5690 ra
697 5631 767 5688 alibi
789 5632 917 5702 pissima
941 5633 1104 5688 edisseram.
1124 5663 1157 5672 —-
1175 5633 1301 5704 Denique
1323 5633 1397 5693 idem
1421 5634 1528 5692 trusus
1552 5635 1689 5704 quaesivit
1715 5641 1754 5708 (p.
1773 5637 1807 5690 51
1827 5636 1890 5704 aq),
1916 5649 1980 5688 uum
1998 5633 2155 5704 Hesychius

238 5716 375 5774 interdura
395 5721 502 5777 sobolis
520 5723 727 5792 Aristophanes
746 5722 911 5778 adhibuerit.
949 5721 1020 5776 Nem
1040 5721 1117 5777 55155
1137 5721 1165 5776 S.
1183 5723 1233 5778 illa
1252 5723 1401 5795 decerpsit,
1420 5725 1466 5780 hic
1484 5724 1626 5781 Eudooiee
1645 5739 1744 5780 rursus
1764 5724 1946 5780 conmodavit.

1978 5830 1994 5883 8
