4990 6456
1137 483 1155 540 7

162 689 391 756 antecesserit
414 687 528 753 titulus
560 665 701 771 ζητήσεις
722 687 941 772 Ὁμηρικαί.
954 689 980 770 1)
1026 691 1109 756 Tum
1131 692 1230 758 verbe
1252 688 1288 750 in
1316 685 1380 754 fine
1403 686 1488 750 vitae
1516 706 1542 750 s.
1569 684 1714 768 Χάραξ
1741 683 1887 770 adposita
1917 684 1985 772 (καί
2007 689 2104 752 πολλά

163 794 349 882 φιλάσοφα,
371 795 406 857 ἐν
431 785 477 869 οἷς
501 793 554 857 καί
577 793 765 882 συμφωνίαν
788 793 937 882 Ὀρφέως,
960 796 1156 882 Πυθαγόρου
1179 795 1232 864 καί
1256 794 1426 869 Πλάτωνος
1450 789 1522 876 περί
1544 794 1583 854 τὰ
1607 790 1714 878 λόγια)
1739 791 1818 858 item
1844 793 2055 860 inveniuntur
2078 817 2104 862 e.

167 903 323 986 Πρόκλος
346 906 379 966 et
401 922 427 965 s.
447 899 601 984 Σοριιινός
629 903 678 988 (in
701 910 837 988 utraque
853 901 970 970 Suidae
993 906 1157 971 notatione
1180 901 1293 970 eedem
1315 901 1513 988 nmrantur).
1559 897 1650 974 Quae
1664 897 1751 986 apud
1765 898 1899 969 Snidam
1914 903 1950 968 in
1963 900 2104 987 glossam

165 1031 202 1074 s.
223 1009 364 1094 Πρόκλος
381 1009 472 1074 unice
488 1009 656 1074 convenire
672 1010 737 1074 iam
753 1008 982 1094 Bernhardyus
1005 1010 1064 1098 (11,
1083 1012 1163 1096 981)
1187 1010 1361 1092 intellexit,
1384 1015 1419 1074 at
1441 1006 1572 1074 lectoria
1594 1005 1754 1074 industria
1776 1013 1906 1092 propter
1924 1007 2105 1076 studiorum

166 1137 262 1201 quae
292 1118 378 1182 inter
400 1113 459 1180 bos
489 1113 570 1180 duos
592 1113 798 1202 philosophos
824 1116 1102 1203 ,neoplatonioos“
1126 1120 1337 1184 intercessere
1357 1113 1554 1182 adfinitatem
1576 1115 1611 1178 in
1633 1113 1679 1199 gl.
1703 1136 1729 1178 s.
1753 1113 1907 1198 Σοριανός
1931 1117 2106 1202 inrepsisse

170 1245 244 1288 non
267 1223 406 1288 feliciter
429 1223 584 1287 coniecit:
609 1225 702 1288 cuius
725 1221 852 1307 quidem
874 1223 1126 1308 perturbationis
1151 1225 1257 1311 qualis
1278 1225 1369 1310 origo
1391 1224 1447 1305 sit,
1473 1219 1531 1304 ,de
1556 1219 1589 1288 S.
1612 1219 1664 1288 b.“
1690 1225 1753 1286 409
1778 1241 1825 1308 sq.
1848 1223 1983 1288 ostendi.
2028 1224 2105 1292 Iure

169 1337 293 1396 contra
316 1327 471 1396 l'lachius
494 1329 543 1414 (p.
566 1329 624 1417 43)
648 1327 736 1415 quod
758 1329 860 1395 verba
879 1328 937 1395 illa
960 1331 1055 1396 enam
1079 1332 1113 1396 in
1129 1329 1291 1398 Eudociae
1312 1330 1454 1416 glossam
1476 1349 1501 1392 s.
1526 1323 1661 1410 Χάραξ
1682 1327 1900 1412 inmigrarunt
1919 1326 1961 1392 ed
1976 1329 2105 1396 Proculi

171 1443 215 1502 et
240 1436 392 1504 Characis
415 1435 472 1522 (cf.
498 1457 524 1500 s.
552 1435 721 1518 Χάραξ...
745 1434 848 1516 λιριὺς
871 1435 925 1500 καί
947 1436 1132 1525 ςιλόσορος)
1156 1437 1335 1504 studiorum
1357 1436 1581 1522 cognationem
1604 1432 1741 1498 rettulit.
1788 1432 1861 1509 Qua
1883 1434 1923 1500 de
1945 1457 2042 1502 causa
2066 1460 2106 1504 ne

174 1543 242 1608 hoo
275 1541 404 1629 quidem
437 1545 618 1608 testimonio
642 1545 817 1629 quicquam
849 1543 1074 1629 conprobatur.
1121 1545 1271 1630 Denique
1294 1542 1331 1608 de
1354 1543 1484 1628 scriptis
1513 1563 1538 1606 s.
1565 1545 1599 1604 X
1603 1539 1848 1624 ριστόιλωρος
1878 1562 1941 1608 uno
1964 1543 2106 1610 Violario

173 1651 317 1716 servetis
348 1649 612 1737 (ἐπιγραμμάτων
633 1648 739 1730 βιβλία
764 1650 803 1733 γ’,
833 1652 1008 1716 ἐπιστολῶν
1032 1651 1079 1736 d')
1104 1652 1149 1718 sic
1172 1652 1238 1716 fere
1261 1657 1380 1734 statuo,
1411 1655 1448 1714 ut
1470 1647 1583 1716 mulier
1606 1647 1741 1724 medita,
1769 1669 1852 1734 quae
1876 1651 2008 1736 insuper
2035 1671 2106 1736 pro·

174 1759 348 1841 priumex
371 1763 463 1844 porte
493 1757 689 1824 instauravit
718 1757 849 1824 tabulae
880 1757 1032 1836 ordinem,
1064 1757 1103 1824 de
1131 1779 1189 1824 sua
1217 1758 1333 1823 notitia
1361 1778 1400 1822 ea
1427 1753 1595 1840 addiderit,
1628 1775 1709 1840 quae
1740 1757 1899 1822 sententia
1926 1763 2105 1844 temporum

176 1885 309 1949 quoque
332 1863 510 1929 rationibus
532 1863 770 1930 commandatur.
783 1865 812 1951 ²)
857 1865 928 1930 lam
958 1866 1105 1951 quamvis
1135 1865 1173 1930 de
1202 1864 1251 1930 his
1281 1861 1348 1930 illis
1378 1862 1570 1928 testimoniis
1599 1882 1649 1927 me
1678 1882 1743 1928 non
1771 1864 1819 1928 ita
1850 1861 2038 1948 disputasse,
2069 1872 2107 1931 ut

178 1972 348 2056 opiniones
372 1991 458 2036 meae
476 1970 510 2035 in
525 1971 736 2056 suspitionem
759 1971 873 2038 adduci
893 1978 1063 2059 nequeant,
1088 1973 1185 2058 probe
1208 1973 1313 2048 sciam
1338 1969 1490 2055 pleraque
1513 1975 1620 2034 tamen
1642 1967 1683 2034 ad
1706 1968 1836 2034 Flaobii
1857 1970 2010 2036 iudicium
2034 1993 2107 2040 con-

176 2077 370 2142 firmandum
394 2099 505 2162 parum
528 2077 679 2163 adposita
701 2100 772 2145 esse
795 2079 997 2166 singulorum
1021 2079 1128 2145 indole
1153 2077 1343 2144 adumbrata
1362 2075 1598 2142 demonstrasse
1622 2075 1700 2140 milri
1723 2075 1841 2142 videor.

288 2183 413 2250 Dehinc
437 2181 615 2271 disputatio
637 2191 783 2250 nauseet
806 2183 848 2250 ad
871 2186 1082 2272 percensenda
1105 2207 1142 2252 ea
1167 2183 1394 2261 additamenta,
1424 2203 1506 2268 quae
1529 2183 1685 2248 Flaohius
1712 2181 1795 2269 (1.1.
1818 2206 1851 2270 p.
1875 2191 1917 2250 43
1942 2184 2006 2274 sq.)
2036 2188 2106 2272 ipse

177 2293 350 2376 congessit.
397 2291 485 2358 Haec
509 2315 584 2357 vero
608 2292 713 2358 omnia
737 2293 837 2358 ferme
859 2291 901 2356 ad
924 2315 1079 2360 summam
1104 2291 1306 2379 quaestionis
1336 2288 1571 2356 diiudicandam
1601 2287 1721 2354 nullius
1753 2311 1822 2356 esse
1850 2292 2003 2358 momenti
2032 2313 2106 2358 mox

179 2397 314 2482 patebit.
360 2397 411 2464 Ac
434 2397 590 2464 Flachius
613 2401 681 2483 ipse
705 2421 746 2464 ex
769 2406 946 2466 ceterorum
970 2422 1103 2467 numero
1127 2401 1316 2486 segregavit
1338 2399 1523 2463 testimonie
1549 2396 1662 2462 haece:
1690 2400 1827 2483 primum
1855 2419 1881 2462 s.
1904 2396 2000 2464 Δίαν
2023 2406 2056 2464 et
2079 2423 2105 2466 s.

180 2503 369 2568 Καπίτων
393 2503 462 2592 (τὸν
487 2503 692 2591 Ιίαταβινόν),
726 2529 808 2593 quas
835 2506 961 2592 quidem
983 2507 1180 2574 acommones
1201 2526 1258 2570 cur
1281 2505 1451 2570 recentiori
1479 2502 1706 2590 interpolatori
1733 2504 1955 2572 adtribuamus
1983 2505 2106 2572 nullam

180 2631 311 2676 causam
335 2611 436 2688 video,
466 2616 558 2697 quasi
581 2613 664 2678 talia
685 2615 757 2698 ipsa
779 2613 819 2678 E.
843 2611 998 2680 adnotare
1020 2635 1083 2678 non
1107 2613 1257 2698 potuerit.
1303 2609 1392 2676 Idem
1424 2613 1569 2676 evenisse
1597 2611 1713 2696 opinor
1739 2613 1773 2676 in
1796 2611 1905 2678 verbis
1931 2611 2057 2698 glossae
2079 2635 2105 2680 s.

181 2716 375 2802 Ἐπιγένης
400 2743 480 2798 κισμ.
497 2719 678 2785 subiunctis
702 2717 783 2806 (ἔστι
810 2719 842 2784 δὲ
867 2729 930 2784 τῶν
946 2719 1194 2806 ἀρχαιοτάτων),
1219 2740 1300 2806 quae
1317 2739 1451 2803 prorsus
1466 2720 1575 2803 inepte
1590 2716 1674 2784 dicte
1696 2739 1765 2784 esee
1784 2717 1898 2804 liquet.
1943 2718 2006 2786 Sed
2021 2718 2107 2786 unde

181 2823 336 2890 eiusmodi
359 2846 497 2890 errorem
521 2833 632 2892 natum
658 2847 727 2892 esse
750 2825 949 2892 existumas?
994 2824 1148 2892 Confudit
1171 2848 1283 2912 nempe
1298 2825 1337 2890 E.
1353 2823 1528 2911 Epigenem
1553 2827 1708 2890 comicum
1730 2845 1803 2890 cum
1825 2828 1949 2912 tragico
1966 2825 2107 2892 eiusdem

181 2930 331 3008 neminie,
357 2932 447 2996 cuiue
471 2953 497 2997 e.
523 2931 637 3008 θέσπις
662 2932 715 3019 (cf.
740 2931 829 2998 Suid.
853 2954 879 2998 e.
903 2933 935 2997 h.
960 2931 1006 3019 v.)
1030 2933 1151 3000 tuentio
1172 2932 1209 2998 fit
1231 2931 1282 2998 hie
1305 2931 1434 2998 verbis:
1462 2933 1526 2998 θ...
1552 2930 1708 3014 τραγικός,
1731 2927 1949 3008 ἑκκαιδέκατος
1971 2935 2032 2998 άπὸ
2053 2942 2104 2998 roi

182 3035 344 3120 πρώτου
373 3036 542 3120 γενομένου
572 3044 896 3127 τραγῳδιοποιοῦ
919 3039 1135 3124 Ἐπιγένους
1170 3037 1273 3126 (quod
1301 3061 1359 3125 pro
1388 3037 1442 3101 ἐπί
1470 3037 1578 3122 γένους
1601 3039 1818 3126 reponendum
1847 3041 1910 3126 est)
1941 3041 2107 3122 τιθέμενος

181 3141 397 3232 (redimatur
410 3144 453 3221 ὥς
465 3145 499 3210 δέ
512 3167 593 3222 τινες
607 3148 752 3231 δεύτερος
767 3153 837 3228 μετ’
852 3147 1034 3236 Ἐπιγένην).
1051 3149 1221 3214 Praeterea
1233 3146 1345 3212 merito
1357 3145 1413 3212 ille
1426 3146 1557 3212 seclusit
1570 3145 1623 3234 (cf.
1633 3169 1664 3232 p.
1676 3147 1756 3232 166)
1767 3145 1893 3232 glossas
1902 3169 1930 3214 s.
1938 3147 2106 3236 Κέφαλος

181 3251 255 3339 (ubi
270 3251 309 3316 Ε.
326 3251 443 3318 Suidae
458 3251 611 3318 librorum
628 3293 673 3304 -
688 3263 815 3339 praeter
831 3255 996 3320 Parisinos
1009 3293 1052 3304 -
1067 3257 1262 3340 scripturam
1278 3255 1337 3338 πρὸ
1355 3261 1409 3338 τῆς
1425 3251 1582 3336 ἀναρχίας
1598 3253 1639 3316 ιε’
1658 3260 1768 3320 secuta
1782 3252 1979 3334 ὀλυμπιάδας
1994 3265 2107 3342 tuopte

184 3357 315 3444 ingenio
337 3357 553 3447 supplevit)³),
577 3383 602 3426 e.
621 3361 811 3446 Νικάνωρ
837 3361 996 3448 (ceterum
1020 3362 1119 3428 verbe
1135 3359 1207 3445 arpi
1225 3371 1358 3446 στιγμῆς
1374 3349 1490 3447 6161βῇ
1507 3360 1706 3448 πραγματείᾳ
1720 3361 1899 3426 ἐσκώπτετο
1914 3386 1977 3428 non
1994 3363 2109 3430 desunt

181 3461 268 3550 apud
291 3462 438 3548 Suidam3
470 3469 576 3551 priora
600 3471 745 3534 certain
771 3468 1033 3535 omnibuslibris
1060 3467 1211 3555 leguntur
1239 3488 1423 3554 quanquam
1450 3489 1467 3532 e
1497 3467 1712 3553 superioribus
1739 3467 1791 3534 bic
1820 3473 1939 3537 temere
1968 3474 2108 3555 repetita

183 3571 315 3656 iureque
337 3591 357 3635 a
379 3571 586 3658 Bernhardyo
609 3581 782 3661 expuncta,
809 3583 845 3642 ut
867 3578 902 3640 in
923 3578 1065 3662 epitoma
1086 3578 1142 3640 vix
1166 3576 1315 3640 extitisse
1338 3573 1522 3658 videantur,
1546 3573 1665 3640 relicua
1680 3595 1754 3640 vero
1770 3575 1862 3641 libris
1878 3576 1944 3642 AV
1958 3579 2108 3664 ignorata

182 3679 217 3742 in
239 3682 386 3765 margine
409 3681 507 3746 habet
522 3682 561 3766 E,
586 3683 668 3748 unde
693 3687 726 3748 in
745 3681 926 3750 Violarium
941 3680 1244 3770 inmigraverint)⁴),
1267 3703 1293 3746 s.
1310 3679 1491 3764 Πρόκλος
1507 3679 1523 3746 ὃ
1540 3682 1664 3756 Λύκιος
1682 3706 1689 3721 ·
1706 3681 1760 3746 καί
1777 3687 1970 3771 μητριγακὴν
1984 3724 2028 3734 -
2045 3687 2106 3768 οὐχ

185 3783 375 3868 εὑρίσκεται,
408 3810 543 3874 quorum
567 3791 708 3876 priorem
730 3799 855 3876 partem
878 3789 917 3854 Ε.
941 3813 959 3856 e
982 3789 1082 3856 Suida
1111 3792 1168 3876 qui
1199 3787 1328 3875 quidem
1350 3787 1470 3854 Marini
1502 3789 1562 3854 vit.
1584 3787 1689 3854 Prool.
1715 3795 1756 3854 33
1779 3792 1949 3878 excerpsit,
1979 3813 2042 3856 non
2065 3814 2107 3857 ex

183 3893 348 3979 Hesycbio
371 3895 472 3982 (quod
488 3895 624 3962 Flachio
638 3896 723 3962 Mus.
741 3896 803 3962 Rb.
822 3903 875 3976 36,
901 3903 962 3962 221
982 3895 1121 3981 videtur,
1144 3897 1185 3963 cl.
1212 3895 1538 3982 ,Untersuchungen“
1563 3920 1594 3984 p.
1619 3903 1657 3961 61
1685 3897 1749 3985 sq.)
1772 3897 1979 3984 deprompsit,
2003 3905 2107 3966 cetere

182 4001 277 4090 (ἅπερ
301 4028 330 4066 ιι.
355 4029 382 4066 τ.
406 4003 449 4090 λ.)
477 4024 535 4068 suo
563 4003 684 4069 iudicio
712 4003 829 4071 adiecit
857 4005 980 4088 pariter
1011 4026 1049 4070 ac
1078 4003 1177 4070 verba
1206 4025 1288 4089 quae
1316 4005 1350 4068 in
1379 4003 1463 4070 calce
1496 4005 1583 4068 vitae
1605 4003 1870 4088 Πλούταρχος
1898 4005 2107 4072 inveniuntur

183 4098 243 4197 (ὧν
268 4110 304 4172 τά
328 4108 424 4173 πλείω
447 4110 511 4191 οὐχ
535 4108 740 4198 εὗρίσκεται),
772 4132 831 4176 nec
854 4132 918 4177 non
940 4112 974 4174 in
997 4110 1043 4198 gl.
1066 4131 1091 4176 e.
1119 4111 1319 4192 Ποτάμων
1342 4115 1417 4196 poet
1439 4109 1511 4193 περί
1534 4111 1685 4175 τελείου
1710 4109 1838 4196 ῥὴτορος
1861 4117 1970 4179 notem
2000 4113 2105 4176 πάνυ

182 4221 451 4296 θαυμαστῶς,
475 4216 584 4302 qualia
606 4239 676 4282 sero
702 4216 829 4283 demum
852 4219 1023 4284 accessisse
1045 4219 1163 4284 iniuria
1185 4218 1323 4304 sumpsit
1346 4215 1499 4284 Fleobius
1522 4239 1553 4302 p.
1578 4225 1621 4282 44
1644 4243 1677 4284 n.
1700 4225 1729 4284 2.

291 4321 523 4388 Verumtamen
545 4325 660 4389 ceteris
684 4321 912 4390 additamentis
934 4325 1083 4390 notitiam
1105 4325 1295 4392 litterariam
1318 4331 1375 4390 ant
1396 4323 1582 4410 locupletari
1603 4332 1661 4391 aut
1683 4325 1825 4412 suppleri
1846 4325 1928 4392 idem
1943 4325 2106 4394 contendit

185 4427 268 4515 (1.1.
293 4431 363 4514 44),
395 4427 481 4514 quod
503 4435 662 4514 quatenus
692 4451 767 4496 vere
801 4429 921 4496 dixerit
949 4429 1122 4496 videndum
1154 4437 1212 4498 est.
1259 4431 1310 4498 Ao
1341 4433 1481 4517 primum
1513 4429 1639 4518 quidem
1669 4434 1704 4498 in
1727 4431 1773 4520 gl.
1796 4455 1821 4500 s.
1844 4432 2104 4518 Ἀντίπατρος

184 4533 283 4600 verba
305 4531 446 4620 ἱστορίαν
470 4535 524 4600 καί
546 4536 738 4619 σύγγραμμα
771 4537 946 4602 ἐπιστολῶν
977 4539 1012 4602 ἐν
1043 4537 1174 4621 βιβλίοις
1206 4538 1331 4604 εἴκοσι
1364 4539 1459 4604 etiem
1491 4538 1575 4626 apud
1598 4538 1729 4606 Suidcm
1761 4561 1945 4627 quanquam
1976 4543 2105 4608 inverso

184 4641 295 4706 ordine
318 4649 506 4710 occurrunt:
536 4646 713 4710 ἐπιστολῶν
743 4643 937 4730 σύγγραμμα
968 4646 1002 4709 ἐν
1031 4653 1061 4728 β.
1095 4649 1113 4712 d
1122 4645 1212 4710 τισίν
1247 4645 1301 4710 καί
1326 4643 1486 4730 ἱστορίανς
1516 4645 1699 4732 discrepant
1727 4648 1829 4734 igitur
1857 4647 1921 4715 soli
1948 4649 2104 4716 librorum

184 4751 319 4828 numeri,
350 4749 385 4816 id
416 4751 499 4836 quod
531 4753 660 4837 saepius
685 4753 739 4820 vel
762 4754 796 4818 in
820 4753 899 4838 ipsis
922 4751 1040 4820 Suidee
1070 4751 1233 4820 codicibus
1265 4753 1392 4836 suddit,
1424 4775 1488 4840 qua
1518 4753 1557 4820 de
1589 4775 1624 4821 re
1652 4754 1730 4820 baec
1759 4756 1911 4841 conposui
1939 4755 2104 4842 exempla:

182 4878 209 4922 s.
233 4857 405 4934 Διυνάσισς
429 4857 502 4942 Κσρ.
527 4856 639 4936 Αἴτια,
663 4861 698 4924 ὲν
721 4859 853 4941 βιβλίοις
878 4859 996 4944 τρισί,
1019 4859 1137 4928 Suidee
1159 4863 1194 4924 ἐν
1217 4859 1330 4948 βιβλίῳ
1353 4860 1373 4924 ά
1397 4859 1584 4949 (βιλλλῳῸς
1607 4883 1633 4928 s.
1660 4859 1854 4942 Εὔμολπος..
1879 4865 2104 4947 χειρσσκοπικίι

181 4966 217 5028 ἐν
241 4963 331 5028 doci
352 4964 494 5048 βιβλίοις,
520 4964 553 5032 S.
576 4965 696 5047 βιβλιίιν
712 4967 752 5040 ά,·
776 4989 802 5032 s.
829 4967 1027 5046 Μενέλαος..
1054 4969 1192 5052 θηβαΐάα
1208 4971 1243 5032 ἐν
1258 4967 1390 5052 βιβλίοις
1412 4968 1467 5050 ιβ,
1491 4967 1524 5036 S.
1547 4968 1600 5043 ιά,·
1623 4991 1649 5034 s.
1668 4969 1882 5050 θεάπσμπος..
1905 4967 1959 5034 ἐπί
1980 4979 2035 5054 τῆς
2052 4969 2101 5054 ργ’

182 5071 387 5152 ὀλυμπιάδος,
417 5073 450 5138 S.
474 5074 541 5159 σγ)
570 5095 596 5138 s.
623 5073 841 5150 Εὖστάβιος..
871 5077 905 5138 ἐν
930 5074 1036 5156 τόμσις
1061 5072 1211 5152 εἴκοσι,
1239 5075 1273 5142 S.
1297 5076 1329 5140 θ’
1356 5075 1398 5163 (β’
1425 5075 1620 5164 Materne),
1649 5075 1873 5162 6.’1σοκράτιγς
1904 5076 2104 5161 θεοιλολρου..

291 5304 313 5374 ¹)
333 5304 462 5360 Ceterum
479 5319 515 5360 ne
534 5306 587 5362 boc
605 5306 716 5375 quidem
735 5306 910 5378 inprobabile
929 5315 974 5362 est
991 5308 1020 5362 in
1040 5307 1144 5364 Saldae
1162 5308 1243 5363 libris
1262 5317 1328 5377 post
1346 5307 1531 5382 ὑπόμνημα
1553 5309 1762 5364 oblitteratum
1786 5310 1982 5380 aequalitatem
2005 5323 2104 5366 nomen

176 5387 301 5467 Ὅμηρον
319 5391 480 5463 deperiisse.

290 5481 313 5548 ¹)
332 5481 375 5537 De
393 5481 491 5551 glossa
509 5497 531 5538 ι.
555 5485 676 5539 Φίλων
694 5485 767 5541 intra
787 5485 832 5558 (ci.
852 5485 985 5542 Flachins
1004 5485 1023 5541 Ι.
1042 5485 1060 5542 l.
1079 5504 1107 5557 p.
1125 5487 1171 5556 to)
1190 5484 1385 5555 disputabitur.

291 5570 314 5639 ⁸)
333 5569 388 5626 Sed
407 5572 442 5628 ci.
461 5587 533 5628 nunc
551 5571 686 5630 Flacbius
704 5573 777 5632 Viol.
796 5575 884 5646 adp.
903 5577 957 5631 tto
976 5591 1017 5644 sq.

291 5661 314 5730 ⁴)
333 5659 439 5718 Tamen
458 5661 492 5718 ot.
512 5661 646 5718 Flacbiur
664 5664 684 5720 1.
704 5664 721 5722 l.
743 5665 802 5736 166,
821 5673 850 5720 et
869 5663 972 5720 Violar.
992 5665 1036 5721 ad.
1055 5682 1082 5735 p.
1100 5665 1161 5720 514.
