5038 6450
1360 539 1378 599 8

1263 625 1476 636 ———.-.·-

407 739 462 828 ἔτη
488 740 588 828 τρία,
621 740 654 806 S.
685 741 729 820 ς’,·
758 764 784 808 s.
815 741 983 830 Πάμφιλος
1011 767 1132 828 γραμμ.
1163 744 1268 826 βιβλία
1297 748 1352 824 σε’,
1377 749 1428 833 qe'
1454 746 1575 812 Parias.
1606 753 1640 810 et
1662 743 1751 811 Suid.
1781 745 1816 809 in
1844 745 2052 829 praefatione,
2085 745 2127 810 σί
2159 749 2272 832 ceteri3
2304 769 2332 813 s.

409 849 602 930 Πτολεμαῖος
627 850 872 938 (Πινάαρίισν)..
916 849 1095 935 Ὁμηρικῶν
1127 849 1154 915 όν.
1185 852 1290 935 βιβλία
1320 853 1360 931 ς’,
1390 854 1416 936 γ’
1452 853 1584 934 Parias,
1614 851 1643 938 q'
1668 853 1784 935 oeteri3
1822 873 1847 916 s.
1873 851 2048 936 Πύρρων..
2082 855 2161 916 κατὰ
2194 857 2251 938 τὴν
2284 855 2330 938 ρά

406 953 598 1036 ὀλυμπιάδα,
631 956 706 1039 ρια’
732 957 863 1040 Parios,
892 967 984 1040 ρεαϊ
1002 957 1041 1040 V,
1069 954 1244 1043 ἑκατοστὴν
1267 959 1394 1044 πρώτην
1417 961 1533 1042 ceteri3
1558 981 1583 1023 s.
1608 957 1723 1034 Σέξτος
1745 959 1882 1040 Λίβυς..
1907 961 2060 1024 σκεπτικὰ
2083 963 2117 1024 ἐν
2139 962 2270 1043 βιβλίοις
2294 963 2331 1039 ε’,

408 1061 440 1129 S.
464 1062 481 1125 ί
506 1061 748 1149 (Bernhardyns
770 1062 838 1152 ιά),·
871 1085 896 1127 s.
919 1064 1170 1148 Ἀριστογένης..
1194 1067 1298 1147 βιβλία
1327 1067 1506 1152 τριάκοντα,
1537 1065 1570 1132 S.
1599 1066 1668 1142 xd⁴;
1702 1064 1775 1151 περί
1805 1066 1970 1146 δυνάμεως
2000 1067 2088 1146 δίου,
2117 1067 2151 1134 S.
2180 1070 2226 1146 a';
2260 1069 2332 1154 περί

408 1168 546 1234 άακέτων
577 1169 618 1246 (λ’,
647 1169 680 1235 8.
705 1170 751 1246 α’ς
782 1165 853 1254 περί
881 1169 1061 1254 σπέρματος
1092 1171 1183 1249 driu,
1213 1173 1246 1238 S.
1271 1174 1317 1250 n';
1350 1195 1377 1238 s.
1399 1173 1615 1256 Ἀρχιγίνης..
1644 1171 1698 1256 ε”τη
1721 1173 1791 1256 κγ’,
1821 1172 1854 1238 S.
1880 1173 1946 1256 57¹.
1993 1175 2170 1262 Praecipue
2194 1179 2327 1241 veroin

406 1279 599 1343 medicorum
622 1277 751 1362 scriptis
774 1274 952 1342 adimendis
975 1277 1128 1344 librorum
1152 1299 1302 1346 numeros
1324 1280 1480 1347 vacillare
1503 1279 1727 1346 doostSuidae
1748 1280 2083 1367 glaseuensem,
2106 1283 2162 1348 ubi
2177 1283 2331 1366 ἰατρικῶν

406 1385 509 1468 βιβλιά
533 1383 559 1468 γ’
585 1385 741 1470 praebent
763 1383 880 1466 AVE,
904 1384 944 1458 ἓξ
966 1389 1081 1470 ceteri3
1107 1394 1271 1472 praeterea
1293 1389 1402 1454 confer
1424 1386 1509 1472 apud
1524 1385 1657 1452 eundem
1682 1409 1708 1452 s.
1737 1387 1932 1468 Πρατίνας..
1956 1391 2111 1472 σατυρικὰ
2134 1391 2185 1470 λβ
2210 1391 2254 1478 (V
2276 1391 2329 1478 λ’),

406 1513 432 1556 s.
456 1491 650 1574 ΙΙεάτανιλρυς
667 1497 784 1575 Λαρ...
809 1492 843 1554 ἐν
865 1491 997 1572 βιβλίοις
1021 1492 1047 1568 ς’
1074 1494 1209 1578 (Parias.
1234 1495 1297 1562 duo
1321 1501 1353 1560 et
1367 1495 1395 1558 B
1419 1494 1539 1561 habent
1558 1494 1611 1582 ξ’).
1658 1493 1809 1562 Ceterum
1824 1498 1905 1562 istae
1921 1493 2154 1580 discrepantiae
2170 1495 2330 1564 Eudociae

406 1602 474 1665 sive
497 1601 613 1665 rectius
636 1598 840 1664 librariorum
863 1598 959 1684 culpa
982 1607 1071 1666 ortae
1094 1621 1163 1665 esse
1186 1599 1347 1667 videntur.
1365 1639 1407 1650 -
1425 1601 1511 1665 Dein
1532 1601 1640 1688 glossa
1663 1621 1688 1664 s.
1713 1601 2009 1686 Ἀριστώνυμος
2033 1625 2073 1667 ex
2097 1603 2200 1670 indice
2218 1607 2329 1690 ntique

404 1705 599 1772 removenda
621 1711 686 1770 est:
710 1705 810 1770 verba
832 1708 980 1770 nimirum
1005 1706 1058 1769 καί
1080 1707 1158 1770 ἄλλα
1183 1711 1278 1772 πολλὰ
1302 1708 1537 1792 συγγράμματα
1560 1707 1658 1772 αὐτοῦ
1683 1707 1878 1789 εὑρίσκονται
1904 1708 1997 1794 λόγου
2019 1709 2094 1784 ἄξια
2121 1710 2172 1776 vel
2199 1717 2329 1797 propter

406 1835 514 1880 vocem
543 1811 775 1896 συγγράμματα
805 1833 846 1877 ne
876 1819 1013 1898 possunt
1042 1812 1168 1898 quidem
1197 1813 1237 1879 ad
1266 1819 1419 1880 comicum
1447 1818 1544 1882 istum
1575 1818 1698 1881 referri.
1744 1817 1797 1880 An
1824 1817 1852 1882 is
1878 1817 1958 1882 atleo
1987 1818 2049 1883 fuit
2076 1818 2260 1902 praeclarus
2291 1828 2329 1886 nt

405 1921 508 1987 multa
530 1920 593 1984 alia
615 1941 711 2007 opera
734 1921 886 1984 memoria
912 1918 1009 2006 digna
1038 1922 1266 2006 conscripsisse
1294 1921 1356 1988 dici
1386 1921 1553 2008 potnerit?
1587 1922 1717 1987 Minime
1748 1945 1833 1989 vero.
1880 1923 1943 1990 Sed
1973 1924 2159 1990 evolvamus
2183 1923 2328 2009 Suidem,

403 2050 440 2094 ao
467 2030 578 2094 statim
605 2025 715 2091 videre
744 2027 822 2091 licet
855 2025 991 2092 alteram
1022 2033 1143 2111 partem
1175 2029 1302 2095 articuli
1324 2030 1552 2116 Ἀριστοφάνης
1576 2027 1753 2106 Βυζάντιος
1786 2028 1875 2116 (indo
1897 2052 1918 2094 a
1939 2030 2048 2096 vorbis
2073 2030 2203 2095 ιλιὲτεινε
2228 2031 2261 2094 ιλέ
2286 2069 2326 2082 -

404 2133 698 2218 συγγράμματα
723 2133 883 2196 ιλάὖτοῖι
910 2133 1009 2195 πάνυ
1033 2133 1171 2222 πολλά)
1194 2137 1228 2198 in
1250 2135 1389 2220 glossam
1412 2139 1597 2201 continuam
1621 2157 1645 2199 o.
1671 2137 1904 2219 Ἀριστώνυμος
1927 2159 1996 2203 osso
2019 2139 2195 2217 iniectam,
2223 2139 2328 2224 qnnlis

404 2244 520 2308 erroris
551 2241 707 2326 originem
738 2243 871 2326 exposui
906 2239 966 2324 „de
989 2239 1022 2304 S.
1052 2241 1105 2304 b.“
1138 2264 1171 2326 p.
1202 2247 1277 2305 412.
1323 2241 1431 2306 Verba
1462 2248 1569 2307 antem
1594 2241 1722 2306 διέτεινε
1748 2241 1781 2306 de
1804 2243 1902 2326 μέχρι
1928 2244 2127 2324 Πτολεμαίου
2152 2281 2192 2294 .-
2216 2245 2260 2322 υζ’
2285 2245 2327 2310 ab

404 2349 610 2434 Aristonymo
632 2347 737 2411 aliena
759 2368 827 2412 esse
851 2367 921 2412 oum
942 2347 982 2411 Ε.
1007 2346 1105 2434 probe
1128 2346 1341 2414 intellexisset
1364 2352 1508 2416 servavit
1530 2348 1751 2414 tantummodo
1775 2351 1923 2416 uotinam
1947 2352 2179 2434 συγγράμματα
2196 2377 2224 2414 κ.
2244 2377 2270 2416 ι.
2288 2360 2325 2428 λ.,

402 2458 449 2522 ita
470 2464 507 2521 nt
530 2454 619 2538 λόγον
651 2455 725 2527 ἄξια
758 2453 977 2538 subiungeret.
1023 2453 1116 2518 Unde
1145 2455 1240 2518 simul
1272 2455 1367 2540 plane
1397 2454 1529 2542 adparet
1559 2463 1658 2520 totam
1688 2455 1827 2541 glossam
1857 2455 1996 2522 eSnida
2022 2480 2086 2522 non
2117 2479 2157 2522 ex
2185 2462 2328 2542 epitoma

403 2563 608 2648 Hesychiaua
633 2561 833 2647 profluxisse.
880 2560 961 2625 Tum
989 2562 1023 2625 iu
1051 2561 1093 2648 gl.
1119 2583 1143 2626 s.
1171 2566 1199 2626 Γ
1200 2561 1385 2638 ενέολιος
1412 2571 1487 2648 post
1516 2562 1745 2647 πανηγυρικούς
1775 2563 1917 2628 voculam
1949 2564 2040 2628 πέντε
2071 2564 2115 2654 (ε’)
2144 2566 2176 2628 in
2206 2564 2327 2630 nostris

402 2670 491 2736 libris
508 2668 669 2736 Suidianis
690 2667 889 2734 intercidisse
912 2667 990 2732 mihi
1012 2689 1199 2752 persuasum
1225 2675 1275 2734 cst
1297 2667 1428 2756 perinde
1450 2677 1547 2756 etque
1570 2669 1602 2734 in
1627 2669 1671 2756 gl.
1696 2670 1836 2754 Χάρων
1852 2671 2077 2754 Λαμψακηνός
2102 2693 2266 2736 numerum
2287 2672 2325 2754 γ’,

401 2799 483 2863 quae
505 2797 556 2841 res
580 2775 633 2841 vel
656 2774 732 2840 inde
761 2780 867 2862 potest
890 2773 1039 2840 concludi
1075 2774 1159 2861 quod
1184 2774 1300 2840 Suidas
1322 2783 1497 2841 ceterorum
1522 2775 1588 2840 fere
1610 2779 1754 2841 omnium
1783 2775 1953 2843 titulorum
1980 2799 2128 2843 numeros
2156 2777 2327 2864 diligenter

401 2886 554 2950 enotavit.
600 2882 730 2948 Nullius
754 2887 861 2946 autem
885 2885 1037 2948 momenti
1060 2888 1110 2948 est
1139 2883 1272 2948 verbum
1302 2885 1429 2966 ἀνδρῶν
1458 2882 1492 2948 in
1521 2883 1567 2969 gl.
1591 2882 1796 2968 Εὐαγόρας
1825 2892 1901 2968 post
1926 2881 2042 2968 ἑτέρων
2073 2884 2184 2966 λογίων
2214 2885 2326 2970 procul

400 2989 496 3055 dubio
524 2989 566 3056 ab
594 2993 666 3076 ipsa
694 2987 835 3054 Endooia
863 2987 1047 3072 adpositum
1077 2989 1132 3075 (oi.
1158 2987 1248 3055 Suid.
1272 3011 1298 3054 s.
1328 2989 1502 3073 Τιμαγένης
1530 2992 1721 3075 Μιλησιος..
1751 2990 1823 3075 περὶ
1841 2990 2081 3076 Ἡρακλείας...
2113 2991 2167 3055 καί
2195 3002 2259 3054 τῶν
2290 2993 2327 3066 ἐξ

400 3099 499 3182 αὐτῆς
522 3095 635 3180 λογίων
656 3095 865 3182 άνό’ρών).1)
911 3095 1013 3160 Porro
1034 3097 1070 3159 in
1093 3095 1139 3182 gl.
1166 3095 1389 3172 Erlorridsor
1412 3096 1512 3162 verba
1526 3099 1680 3181 ἐπιτομὴν
1695 3097 1947 3183 ὡραιοτάτην
1963 3097 2138 3164 Eudoniam
2154 3099 2325 3165 chronicon

400 3228 479 3291 opus
502 3204 650 3270 manibus
673 3223 818 3268 versasse
839 3221 976 3288 arguere
999 3202 1160 3268 videntur.
1206 3203 1317 3289 Neque
1341 3207 1436 3269 etiam
1461 3204 1560 3270 verba
1581 3205 1614 3270 in
1638 3205 1724 3271 calce
1747 3205 1876 3292 glossae
1899 3229 1925 3270 s.
1948 3207 2155 3290 Εὐθυκλῆς
2183 3207 2326 3272 subiecta

399 3311 467 3375 e'irre
499 3311 532 3375 δὲ
563 3309 616 3374 καί
644 3299 733 3385 οὗτος
767 3318 835 3394 τῆς
867 3308 1046 3393 άρχαίας
1079 3310 1292 3396 κωμῳδίας
1325 3309 1366 3376 all
1399 3313 1611 3396 antiquiorem
1643 3313 1763 3377 iontem
1796 3312 1908 3396 redire,
1942 3313 1997 3377 sod
2030 3335 2070 3378 ox
2102 3315 2266 3398 superiore
2299 3335 2324 3378 s.

392 3419 563 3500 Ἕρμιππος
592 3417 661 3504 (τῆς
685 3416 823 3502 άρχαιάς
846 3415 900 3480 καί
922 3417 1020 3493 αὐτὸς
1044 3417 1198 3504 κωμικός)
1227 3417 1279 3482 hic
1302 3420 1438 3504 repetita
1465 3439 1536 3482 esse
1564 3440 1687 3485 censeo.
1733 3419 1818 3486 Dein
1847 3419 1948 3484 verba
1977 3441 2001 3484 s.
2027 3421 2161 3503 Ζήνων
2183 3419 2325 3502 Ἐλεάτης

400 3527 500 3614 (καθὰ
529 3525 583 3590 καί
603 3524 821 3608 Ἀριστοτέλης
849 3525 884 3587 ὲν
909 3533 951 3612 τῷ
978 3528 1117 3611 Σοφιστῇ
1142 3523 1252 3610 φησιν)
1283 3547 1320 3589 er
1344 3525 1451 3590 Laert.
1476 3525 1525 3589 IX
1550 3531 1590 3590 λδ
1620 3527 1793 3592 manifesto
1822 3525 2011 3611 deprompta
2033 3535 2119 3592 sunt.
2165 3525 2327 3592 Secuntur

399 3635 517 3720 scripta
549 3655 574 3697 s.
606 3635 727 3716 θαλης
759 3637 944 3696 eunrnerata
974 3649 1056 3717 qnae
1083 3653 1141 3718 per
1168 3653 1202 3696 se
1231 3633 1301 3716 ipsa
1329 3631 1499 3696 admodum
1526 3635 1652 3698 incerta
1679 3633 1734 3714 (cs.
1758 3632 1901 3698 Zellerns
1924 3633 2045 3698 Philos.
2076 3632 2107 3697 d.
2140 3632 2322 3698 Griech.1⁴

401 3748 473 3824 174,
497 3745 563 3806 not.
590 3738 623 3826 1)
645 3739 686 3804 Ε.
710 3738 807 3804 titulo
831 3737 884 3801 καί
897 3737 1066 3820 ἐκλείψεως
1090 3737 1226 3803 ditarit:
1250 3759 1343 3824 quem
1358 3759 1379 3802 a
1393 3738 1519 3804 Zellero
1536 3740 1650 3805 merito
1674 3739 1857 3826 neglectum
1873 3761 1911 3804 ex
1928 3740 2053 3805 Laertii
2069 3740 2176 3805 verbis
2200 3741 2244 3826 (Ι,
2262 3749 2322 3806 23:

399 3853 487 3912 ιλόκεῖ
498 3847 579 3911 δὲ...
597 3855 720 3928 πρῶτος
736 3847 962 3930 ἀστρολογῆσαι
981 3843 1034 3908 καί
1051 3845 1179 3928 ηλιακάς
1195 3845 1445 3924 ἐκλείψεις...
1469 3857 1640 3930 προειπεῖν,
1663 3847 1704 3912 de
1725 3846 1844 3932 quibus
1866 3847 1907 3912 oi.
1924 3845 2068 3912 Zollorus
2083 3847 2106 3912 l.
2123 3847 2144 3912 l.
2163 3854 2221 3911 171
2242 3871 2274 3911 n.
2291 3849 2324 3934 1)

399 3953 538 4020 effictum
562 3975 631 4020 esse
654 3955 808 4039 suspicor.
855 3952 1024 4038 Pergimus
1051 3953 1090 4016 ad
1119 3951 1220 4016 verba
1249 3974 1274 4016 s.
1301 3952 1506 4036 θεαίτητος
1529 3956 1699 4036 Ἀθηναῖος
1726 3959 1802 4018 ante
1833 3954 2021 4036 ἀστρολόγος
2052 3953 2165 4020 addita
2195 3952 2255 4040 (εἰς
2285 3957 2317 4016 τό

399 4061 526 4150 ἄκρον),
550 4081 685 4147 quorum
709 4058 829 4124 indoles
851 4067 938 4124 certe
960 4057 1118 4122 eiusmodi
1141 4065 1189 4122 est
1213 4065 1250 4122 ut
1271 4060 1312 4124 ab
1337 4058 1480 4125 Eudocia
1502 4063 1573 4146 ipsa
1595 4061 1738 4146 profecta
1760 4081 1830 4125 esse
1854 4060 2027 4126 videantur
2050 4059 2202 4126 similiter
2224 4069 2322 4146 atque

399 4191 480 4256 quae
502 4191 528 4235 s.
553 4167 690 4252 Σιρίκιος
713 4174 786 4252 post
807 4165 940 4246 μελέτας
963 4165 1116 4251 leguntur
1138 4167 1196 4228 οάκ
1219 4165 1334 4248 ὀλίγας.
1381 4165 1444 4232 Sed
1466 4167 1720 4233 additamentum
1740 4189 1766 4232 s.
1784 4168 1987 4251 Μάγνης..
2011 4165 2128 4248 ὁμοίως
2144 4166 2198 4230 καί
2213 4175 2322 4250 γαλεο-

397 4275 583 4356 μυυμιιγιάν
606 4275 796 4361 aMegnete
819 4273 938 4338 veteris
960 4271 1140 4338 comoediae
1163 4279 1259 4358 poeta
1281 4294 1412 4358 prorsus
1435 4271 1572 4338 alienum
1600 4274 1693 4359 est.²)
1738 4271 1827 4348 Quae
1851 4273 1952 4340 verba
1974 4273 2028 4340 vel
2052 4273 2124 4339 ideo
2148 4273 2267 4340 cadunt
2288 4275 2322 4338 in

399 4383 605 4468 suspitionem
619 4382 702 4468 qnod
714 4389 806 4448 extra
817 4381 958 4446 ordinem
969 4379 1002 4444 in
1014 4379 1075 4444 fine
1087 4380 1215 4466 glossae
1226 4380 1332 4464 posita
1343 4393 1428 4463 sunt,
1446 4401 1629 4466 quanquam
1642 4381 1797 4448 Flachins
1813 4381 1851 4469 (l.
1863 4381 1886 4445 l.
1901 4389 1944 4445 44
1956 4405 1987 4446 n.
2003 4390 2032 4465 1,
2049 4381 2089 4446 cf.
2102 4379 2184 4446 Viol.
2198 4361 2228 4468 p.
2242 4380 2322 4468 498)

396 4489 455 4554 illa
476 4489 543 4555 loeo
567 4511 624 4554 suo
648 4487 776 4554 demota
797 4495 893 4573 atque
908 4495 982 4572 post
997 4487 1180 4568 βατράχους
1195 4485 1372 4551 traicienda
1386 4509 1455 4552 esse
1471 4488 1614 4554 coniecit.
1662 4488 1812 4556 Ceterum
1830 4511 1912 4575 quae
1926 4488 2119 4574 praecedunt
2134 4487 2253 4573 ἔγραψε
2269 4487 2322 4552 καί

398 4598 529 4673 Λυάοὺς
542 4595 595 4659 κατ’
611 4599 717 4680 Ψηνας
730 4593 781 4658 καί
793 4593 996 4679 Βατράχυυς.
1033 4593 1183 4670 Ποικιλιις
1197 4594 1371 4674 λ’ἑμιμεῖτο
1384 4597 1491 4681 φωνάς
1504 4583 1614 4672 οὗτος
1627 4621 1644 4661 e
1657 4596 1756 4662 suida
1769 4598 1824 4680 qni
1836 4597 1961 4682 glossae
1974 4595 2198 4679 Hesychianae
2209 4616 2321 4660 vorsus

398 4703 626 4788 Aristophanis
649 4702 758 4788 Equit.
784 4708 847 4766 518
870 4723 940 4786 sqq.
974 4721 1038 4766 nna
1069 4723 1139 4767 cum
1173 4700 1296 4766 scholio
1328 4699 1486 4768 adnexuit
1517 4706 1622 4787 petita
1653 4725 1721 4770 esse
1744 4711 1848 4786 teneo,
1881 4705 1941 4768 etsi
1962 4703 2146 4789 refragatur
2169 4703 2321 4768 Flachius

397 4811 498 4898 (Mus.
522 4811 584 4875 Rh.
609 4817 661 4894 35,
690 4810 765 4894 192)
795 4811 851 4895 qui
874 4806 990 4873 Suidae
1014 4809 1112 4873 verba
1134 4805 1253 4892 ἔγραψε
1278 4807 1311 4870 δὲ
1336 4805 1389 4870 καί
1412 4812 1544 4886 Λυὸούς
1568 4847 1612 4858 -
1639 4810 1828 4893 Βατράχοις
1859 4831 1899 4874 ex
1923 4809 2084 4894 Hesychio
2114 4829 2320 4895 promanasse

397 4918 458 4983 sibi
480 4915 688 5004 persuasit.³)
734 4915 857 4980 Verum
880 4921 917 4980 nt
943 4913 985 4980 ad
1014 4915 1148 4981 titulum
1177 4915 1268 4979 illum
1292 4915 1419 4982 Violeto
1449 4925 1613 4983 servatum
1641 4923 1894 5000 praevertemur,
1926 4937 1947 4979 a
1975 4915 2068 4982 docto
2097 4915 2216 4980 lectore
2248 4937 2320 4979 eum

505 5077 527 5144 ²)
546 5073 674 5130 Ceterum
693 5091 741 5128 cur
760 5073 865 5130 Eberto
884 5071 1017 5142 (Dissert.
1034 5073 1117 5130 Sicul.
1137 5093 1163 5144 p.
1184 5076 1247 5139 132)
1266 5074 1415 5143 Euagorae
1435 5076 1500 5131 libri
1519 5075 1616 5130 titulus
1636 5079 1743 5152 ι’στυρια
1757 5075 1820 5150 περὶ
1837 5077 1885 5148 τῆς
1899 5077 2061 5144 ,ιίγυπιαυν
2075 5079 2216 5146 Ιευσιλείσς
2229 5071 2321 5141 qualis

397 5163 471 5236 apud
489 5163 641 5220 Eudociam
660 5163 780 5218 traditur
798 5180 866 5234 prae
886 5163 1018 5219 Suidiano
1037 5163 1177 5234 placuerit
1195 5179 1293 5234 parum
1312 5163 1459 5232 adsequor.

503 5253 527 5323 λ)
545 5253 579 5308 el.
604 5253 761 5308 Meiuelrius
784 5253 816 5307 F.
841 5253 870 5308 O.
895 5253 927 5308 G.
947 5253 960 5307 1
983 5253 1032 5308 35:
1060 5253 1201 5320 „Denique
1222 5254 1479 5325 Γαλεωμουμαχιάν
1502 5252 1624 5308 fortasse
1650 5269 1685 5308 ex
1710 5254 1862 5324 integriore
1890 5253 1993 5337 Suidac
2018 5253 2169 5324 exemplari
2196 5251 2320 5322 Magneti

396 5341 493 5398 tribuit
511 5342 637 5398 Eudocia
655 5358 681 5413 p.
700 5343 761 5410 302,
785 5359 840 5410 quo
858 5343 967 5397 nomine
986 5341 1167 5398 Theodorum
1186 5341 1367 5397 Prodromum
1392 5341 1515 5396 fabulam
1540 5343 1719 5412 inscripsisse
1744 5351 1868 5398 constat:
1895 5343 2054 5412 Magnetem
2078 5343 2223 5411 quominus
2247 5339 2320 5396 idem

396 5431 498 5486 iecisse
517 5430 670 5502 credamus,
689 5433 820 5502 prohibet
838 5433 941 5486 veteris
961 5431 1122 5486 comoediae
1141 5430 1275 5486 indoles!¹

504 5523 526 5591 ⁸)
546 5519 616 5576 Nam
635 5537 692 5576 rem
716 5521 756 5576 ita
781 5529 960 5591 conparatum
984 5535 1049 5575 esse
1074 5520 1117 5576 vel
1145 5520 1214 5575 illud
1241 5520 1323 5574 docet
1347 5520 1421 5587 quod
1440 5519 1597 5590 Hesychius
1621 5521 1728 5578 duobus
1753 5520 1865 5578 articuli
1890 5521 1961 5576 locis
1980 5519 2118 5588 Magnetis
2145 5520 2249 5591 scripta
2274 5518 2320 5572 vix

395 5611 573 5677 enumerarit,
592 5626 682 5679 neque
701 5627 766 5667 vero
784 5619 999 5666 cousentaneum
1020 5617 1065 5664 est
1084 5611 1119 5665 de
1140 5609 1311 5678 singularum
1330 5610 1529 5679 particularum
1548 5610 1712 5668 traiectione
1732 5611 1865 5680 cogitare.
1902 5611 2055 5666 Praeterea
2074 5617 2166 5664 autem
2183 5607 2319 5678 quomodo

395 5701 517 5755 evenerit
534 5709 565 5755 ut
582 5701 610 5755 in
628 5701 664 5771 gl.
679 5716 701 5756 s.
719 5701 868 5762 Φιλόξενυς
882 5716 995 5770 operum
1009 5699 1052 5756 bis
1066 5699 1167 5754 mentio
1182 5697 1231 5753 fiet
1250 5699 1296 5768 (el.
1311 5699 1443 5754 Flachius
1457 5700 1474 5754 l.
1489 5699 1627 5770 1.n0r.3),
1649 5701 1699 5764 ..de
1713 5701 1739 5756 S.
1753 5701 1797 5755 b.“
1818 5718 1843 5770 p.
1858 5702 1893 5756 30
1910 5700 2119 5756 demonstrasse
2133 5699 2199 5754 mihi
2211 5697 2316 5754 videor.
