4990 6456
1289 563 1329 621 18

342 769 370 830 Γ
364 763 449 841 ἐσιος
473 771 507 830 et
529 767 680 846 Δομνῖνος
710 767 786 831 haec
809 765 942 831 Suidam
969 765 1152 851 conpilavit,
1184 769 1218 834 id
1247 769 1333 856 quod
1355 769 1457 836 verba
1486 770 1529 856 (s.
1552 769 1719 854 Δομνῖνος)
1751 767 1795 845 ὥς
1824 793 1900 856 φησι
1924 771 2107 851 Δαμάρατος
2136 772 2179 838 ab
2209 773 2269 840 hoe

338 879 423 938 certe
445 873 593 958 proiecta
614 871 739 958 liquido
762 877 1012 938 eonmonstrant
1059 872 1202 941 Deerant
1225 880 1327 964 igitur
1349 877 1424 942 illae
1440 874 1527 961 apud
1543 875 1752 960 Hesp-chium.
1799 876 1884 942 Dein
1909 877 2041 962 singula
2063 880 2099 942 in
2121 878 2168 964 gl.
2187 879 2270 944 Ede-

340 978 447 1056 διανὸς
461 980 500 1044 Ε.
525 1003 565 1046 ex
589 979 789 1046 Philostrato
811 980 859 1066 (V
859 981 895 1045 it.
911 979 1011 1068 Soph.
1026 981 1073 1064 ll,
1100 984 1157 1068 16)
1179 984 1387 1070 conquisivit,
1410 1003 1524 1048 rursus
1538 982 1607 1046 vita
1627 1003 1653 1045 s.
1673 981 1758 1047 θέων
1773 1005 1846 1069 cop.
1868 981 1926 1068 (cf.
1943 984 2040 1048 etiam
2054 985 2101 1070 gl.
2115 984 2273 1070 Ἱεροκλῆς

339 1092 373 1151 et
395 1086 571 1174 Λαχάρης)
604 1084 744 1152 eSuida
767 1085 1028 1173 deprompsit-
1054 1090 1110 1174 qui
1141 1088 1344 1155 Dammcium
1375 1089 1480 1156 solnm
1511 1086 1660 1154 adhibuit
1682 1126 1737 1172 -,
1768 1110 1786 1153 e
1817 1091 1910 1154 cuius
1939 1092 2124 1156 narratione
2154 1091 2273 1158 leviter

339 1196 483 1281 inspecta
504 1193 661 1258 librorum
683 1193 819 1260 indicem
843 1215 1009 1279 perperam
1028 1195 1167 1261 coniecit
1188 1195 1245 1284 (ci.
1260 1195 1493 1280 Bernhardyus
1507 1201 1542 1260 et
1557 1194 1741 1262 Niusehins
1757 1218 1789 1282 p.
1805 1201 1874 1282 30).
1919 1197 1960 1261 In
1974 1199 2089 1264 ceteris
2105 1199 2270 1284 exemplis,

340 1321 422 1387 quae
444 1300 574 1386 singula
597 1321 745 1366 enarrare
773 1300 907 1387 longum
936 1307 996 1384 est,
1029 1301 1147 1367 Suidas
1176 1301 1277 1366 verba
1298 1305 1332 1366 in
1356 1303 1488 1368 brevius
1511 1321 1580 1365 esse
1603 1308 1714 1366 coacta
1735 1300 1902 1386 paruculis
1924 1300 2116 1386 quibusdam
2139 1305 2269 1369 omissis

339 1408 445 1492 quivis
467 1405 560 1472 facile
583 1409 712 1471 sentiat.
759 1407 868 1472 Verba
889 1412 996 1472 summ
1019 1409 1108 1473 vitae
1125 1407 1289 1494 Ἄψυρτος
1311 1407 1397 1495 apud
1420 1407 1551 1474 Suidam
1572 1406 1717 1473 subiecta
1740 1405 1872 1496 (ἔγραψε
1897 1406 1950 1470 καί
1973 1408 2093 1488 Κίμων,
2117 1413 2139 1474 i.
2162 1433 2189 1475 e.
2210 1410 2269 1474 Σί-

338 1535 410 1591 μων
432 1538 461 1575 κ.
485 1537 513 1575 τ.
536 1513 580 1601 λ.)
612 1513 652 1577 Ε.
674 1513 788 1579 merito
819 1515 958 1600 ignorat,
988 1515 1105 1601 quippe
1132 1535 1215 1600 qnae
1241 1517 1370 1582 lectoris
1393 1515 1531 1581 alicuius
1553 1512 1731 1579 industriae
1752 1513 1930 1579 debeantur
1953 1515 2010 1602 (ci.
2035 1514 2211 1582 Schneider
2233 1519 2269 1582 in

338 1619 485 1705 Xenoph.
509 1619 548 1684 de
569 1642 604 1684 re
627 1642 700 1706 equ.
724 1642 756 1705 p.
783 1627 846 1686 185
869 1628 903 1686 et
917 1621 1120 1706 Bernhardyi
1144 1621 1281 1709 notam).
1327 1623 1494 1688 Postremo
1516 1625 1551 1685 in
1567 1619 1817 1688 Callimachi
1840 1643 1972 1705 operum
1995 1621 2109 1687 tabula
2131 1621 2270 1688 eSuida

337 1725 511 1813 prudenter
534 1734 685 1812 excerpta
699 1727 849 1793 Flachius
873 1751 893 1794 a
916 1749 993 1794 vero
1015 1750 1148 1814 prorsus
1171 1729 1354 1812 aberravit3
1378 1749 1454 1794 nam
1477 1749 1559 1814 quse
1579 1727 1674 1812 plura
1690 1727 1818 1794 exhibet
1831 1727 1946 1793 Suidas
1962 1731 2094 1795 minime
2109 1731 2178 1814 ipse
2193 1751 2269 1796 con-

338 1835 441 1920 gessit
462 1833 518 1899 sed
541 1857 581 1899 ex
608 1839 787 1920 ,ορίοοοιιιιι
812 1835 984 1920 descripsit
1006 1836 1062 1921 (cf.
1089 1835 1148 1919 „de
1171 1836 1206 1901 S.
1229 1837 1282 1903 b.“
1309 1841 1374 1901 460
1398 1837 1495 1922 sqq.).

1226 2067 1333 2154 ceput
1355 2067 1389 2137 ii.

379 2193 441 2300 Ile
479 2192 671 2299 Violarii
707 2193 813 2300 vitis
853 2225 959 2299 cum
998 2193 1230 2441 Suidieplis
1268 2193 1543 2440 {punctim
1581 2192 1811 2322 congruis
1850 2190 2134 2323 singillatim
2173 2193 2231 2302 ab

1142 2371 1158 2442 l
1197 2367 1237 2441 rs
1323 2366 1476 2442 versis.

426 2510 517 2584 Quae
539 2513 648 2577 omnia
671 2514 699 2576 si
723 2511 934 2596 probabiliter
957 2511 1201 2599 disputavimus,
1230 2518 1356 2577 tantum
1378 2511 1472 2577 abest
1495 2515 1532 2575 ut
1555 2509 1717 2576 Eudcciae
1741 2515 1932 2593 notationes,
1965 2533 2172 2598 quaecunque
2194 2535 2267 2577 cum

337 2618 502 2684 Suidianis
524 2621 558 2684 in
579 2619 766 2684 universum
789 2621 986 2704 conspirant,
1018 2621 1052 2684 in
1075 2623 1187 2706 paucis
1210 2621 1312 2705 iisque
1335 2618 1511 2684 levioribus
1534 2618 1631 2682 rebus
1654 2617 1697 2684 ab
1726 2617 1793 2682 illis
1816 2617 1999 2702 discrepant
2012 2619 2046 2702 ¹),
2076 2640 2096 2683 a
2118 2621 2267 2683 conmuni

338 2727 426 2790 iente
448 2723 630 2790 derivemus
652 2725 710 2811 (ci.
734 2725 890 2791 Flachius
913 2750 944 2812 p.
969 2725 1126 2812 62-71),
1156 2733 1195 2792 ut
1224 2725 1340 2792 Suidae
1368 2733 1480 2792 contra
1507 2723 1723 2808 vindicemus3
1752 2745 1789 2789 ac
1819 2726 1847 2790 si
1875 2747 1955 2811 quae
1986 2723 2184 2790 differentiae
2212 2723 2267 2790 rel

337 2833 533 2898 accessiones
555 2832 640 2918 apud
662 2830 753 2898 illam
776 2833 990 2918 reperiuntur,
1024 2853 1079 2898 eae
1102 2857 1166 2898 nou
1188 2831 1221 2898 id
1243 2854 1348 2919 genus
1375 2839 1452 2897 suut
1480 2838 1517 2898 ut
1545 2832 1636 2916 prius
1666 2830 1750 2896 illud
1780 2835 1921 2896 staurere
1950 2853 2113 2918 cogamur.
2158 2829 2267 2905 Quare

338 2959 393 3003 eas
415 2939 617 3024 potissimum
641 2960 721 3024 quas
745 2961 823 3003 suae
847 2940 993 3023 opinioni
1016 2939 1124 3005 favere
1139 2939 1293 3006 Flcchius
1317 2940 1526 3005 existumavit
1548 2939 1648 3026 paulo
1671 2943 1778 3005 acrius
1799 2939 2045 3005 consideremus.

444 3069 470 3111 s.
494 3043 625 3130 Ἀρίων
649 3048 684 3111 in
707 3047 797 3110 exitu
820 3045 853 3112 S.
877 3045 1010 3111 exhibet
1039 3045 1186 3133 φυλάττει
1220 3046 1253 3109 ti
1277 3047 1310 3110 τά
1336 3073 1361 3108 ω
1389 3044 1443 3109 ini
1471 3054 1606 3130 ηνινικῖης,
1636 3069 1733 3134 quam
1763 3055 1871 3111 notam
1901 3046 2197 3132 glossographicam
2226 3045 2267 3110 ad

337 3152 532 3239 peculiarem
547 3151 587 3218 de
602 3155 752 3239 genetivo
776 3155 912 3218 nominis
928 3151 1042 3236 Ἀρίων
1065 3153 1229 3218 formando
1251 3154 1394 3240 glossam
1417 3154 1525 3240 relego
1550 3161 1646 3240 atque
1670 3153 1712 3219 ab
1727 3151 1889 3238 Hesychio
1904 3154 2042 3218 ahenam
2057 3173 2128 3217 esee
2144 3151 2267 3234 iudieo;

338 3261 418 3325 hanc
448 3260 615 3344 descripsit
638 3282 752 3346 parum
776 3259 975 3326 considerate
997 3259 1037 3326 Ε.
1062 3259 1225 3348 (φυλάττει
1250 3263 1284 3325 τὸ
1309 3262 1362 3346 ω).

445 3390 471 3432 s.
496 3367 726 3453 Δαμόφιλος
749 3367 788 3431 Ε.
811 3365 931 3432 Suidas
954 3366 1054 3432 verba
1078 3367 1283 3452 Hesychiana
1306 3367 1360 3455 (ci.
1388 3368 1446 3452 ,de
1469 3368 1503 3434 S.
1527 3367 1580 3432 b.“
1607 3367 1686 3454 439)
1709 3369 1747 3441 ἐξ
1769 3357 1813 3429 ὧν
1837 3405 1879 3416 -
1904 3365 2021 3450 θήκαις
2044 3365 2097 3452 (cf.
2113 3363 2198 3430 Viol.
2217 3364 2267 3429 ed.

339 3497 369 3559 p.
388 3474 467 3560 232)
491 3473 668 3560 prudenter
691 3476 808 3539 omisit.
854 3473 1003 3540 Ceterum
1020 3473 1106 3559 apud
1121 3473 1214 3540 illum
1229 3475 1385 3541 librorum
1401 3477 1561 3560 scriptura
1576 3473 1693 3540 tuenda
1709 3479 1775 3539 est:
1800 3473 1984 3556 Φιλόβιβλος
1998 3497 2005 3512 ·
2020 3481 2175 3556 πρῶτος
2196 3471 2269 3554 σιρί

336 3583 369 3645 ά.
384 3580 512 3662 βιβλίων
529 3583 607 3665 πρὸς
622 3587 669 3647 Λ.
686 3587 748 3658 M„
763 3581 784 3646 i.
802 3603 828 3646 e.
844 3581 1058 3664 Philobiblus‚
1082 3585 1172 3647 cuius
1188 3583 1311 3669 primus
1326 3581 1406 3648 liber
1421 3590 1491 3648 erat
1506 3581 1545 3646 de
1562 3580 1713 3668 operibus
1729 3587 1902 3668 conparatu
1917 3580 2037 3666 dignis,
2052 3583 2144 3666 isque
2160 3577 2266 3643 Lollio

336 3689 479 3754 Maximo
503 3689 665 3754 dedicatus
688 3689 744 3772 (ci.
761 3687 939 3774 Berginium
953 3687 1039 3753 Hist.
1057 3686 1115 3754 Gr.
1138 3685 1204 3753 litt.
1226 3688 1253 3771 Ι,
1279 3689 1400 3778 27634),
1423 3690 1462 3754 ol.
1480 3711 1505 3752 s.
1520 3687 1731 3772 Ἀντισθένης
1744 3712 1752 3727 ·
1764 3687 1943 3772 συνέγραψε
1961 3687 2077 3766 τόμους
2092 3685 2125 3747 ι’·
2140 3693 2266 3768 πρῶτον

335 3795 488 3878 resarcitu,⁸
511 3819 537 3861 s.
560 3793 818 3880 Ἀριστογένης..
841 3795 947 3876 βιβλία
971 3795 1032 3872 κά,
1061 3793 1176 3878 ἐκρίθη
1200 3795 1234 3858 δὲ
1258 3794 1329 3879 περί
1354 3799 1473 3880 διαίτης
1497 3793 1536 3872 ἇς
1571 3817 1598 3860 s.
1623 3793 1861 3875 Καλλάααχος..
1885 3793 2013 3868 πίνακες
2037 3801 2101 3856 τῶν
2123 3794 2150 3856 ἑ.
2175 3819 2208 3855 τι.
2231 3818 2266 3854 τι.

338 3902 658 3984 άναλαμψάντων...,
683 3901 798 3989 quibus
822 3901 980 3986 particula
1003 3901 1159 3987 quaedam
1183 3903 1391 3990 subiungitur
1407 3902 1535 3975 πίναξ..
1560 3909 1659 3965 τῶν..
1685 3901 1893 3965 διδασκάλων.
1940 3899 2059 3966 Suidas
2075 3901 2180 3986 igitur
2196 3897 2268 3964 reli·

337 4033 414 4076 oues
429 4009 606 4075 Philobibli
620 4015 729 4095 partes
745 4011 875 4074 reticuit
891 4008 943 4074 vel
957 4011 1130 4095 ignoravit,
1152 4008 1192 4073 Ε.
1208 4033 1285 4076 vero
1301 4031 1374 4075 cum
1389 4008 1471 4074 illud
1486 4017 1609 4092 πρῶτος
1626 4030 1692 4073 nou
1707 4009 1786 4074 satis
1801 4007 2007 4094 intellegeret
2022 4027 2087 4070 una
2102 4027 2174 4072 cum
2189 4026 2267 4070 soce

339 4117 522 4200 Φιλάβιβλος
547 4119 664 4182 onusit.
711 4116 796 4180 Dein
818 4115 896 4179 libri
921 4117 976 4201 qui
1000 4115 1180 4182 adnectitur
1203 4115 1290 4205 (σερί
1311 4115 1382 4197 βίου
1405 4115 1566 4200 άρχαίων)
1596 4137 1617 4179 a
1639 4114 1801 4199 prioribus
1824 4119 1909 4181 certe
1932 4113 2069 4178 seiuncti
2097 4111 2267 4196 inscriptio

338 4221 414 4289 olim
438 4225 536 4290 fuisse
559 4222 686 4289 videtur
708 4222 821 4304 βίους
845 4223 991 4306 άρχαίων
1013 4221 1072 4310 (se.
1096 4223 1260 4288 hominum
1282 4223 1540 4311 inlustrium)—
1553 4222 1670 4288 vocula
1693 4226 1767 4306 περί
1786 4219 1869 4287 ialso
1891 4221 1945 4287 hic
1967 4221 2162 4306 repetita-
2175 4218 2215 4285 ci.
2237 4239 2265 4282 s.

340 4329 471 4415 θησεάς,
493 4331 612 4408 Ἰάσων,
637 4329 828 4414 Νικαγόρας,
858 4330 1006 4417 Τήλεφος,
1033 4329 1153 4414 Χάρων
1177 4332 1281 4416 Καρχ.

446 4460 472 4502 s.
496 4438 778 4520 dispensante
801 4436 856 4524 (cl.
881 4435 1034 4502 Flachius
1058 4460 1090 4523 p.
1116 4445 1156 4503 65
1181 4461 1241 4526 ειη,
1265 4438 1453 4504 Nitzschius
1475 4436 1498 4501 l.
1520 4437 1545 4501 1.
1568 4435 1637 4524 45),
1662 4433 1851 4502 ubiSuidae
1875 4435 1948 4502 libri
1964 4433 2028 4500 AV
2051 4433 2114 4500 duo
2140 4433 2179 4500 de
2201 4455 2266 4497 uno

337 4544 537 4631 Diogeniano
560 4547 667 4630 capita
689 4544 849 4628 exhibent,
873 4565 956 4630 quae
979 4546 1079 4609 ceteri
1101 4566 1159 4610 nec
1181 4567 1246 4610 non
1263 4543 1301 4608 Ε.
1324 4545 1359 4608 in
1381 4565 1484 4608 unum
1506 4549 1713 4609 mntraxere:
1738 4545 1783 4619 A„
1795 4539 1985 4626 Ἡρακλείας
2002 4539 2138 4617 Πόντου,
2161 4564 2263 4623 γραμ-

337 4651 482 4732 ματικός,
508 4649 654 4740 [γεγονὼς
678 4651 786 4742 αὐτὸς]
810 4651 863 4715 ἑκτά
879 4652 1048 4736 Ἀδριανοῦ
1071 4657 1164 4734 (luo.,·
1187 4651 1263 4716 hinc
1284 4651 1343 4716 illa
1364 4653 1493 4738 pergit:
1517 4649 1586 4733 ἢέν
1602 4659 1658 4733 τῆς
1674 4648 1826 4730 Ἀλβάκης
1839 4646 2027 4733 Ἡρακλείας
2043 4655 2099 4732 τῆς
2114 4647 2149 4709 ἕν
2165 4642 2264 4732 Καριζι

339 4761 436 4822 κατά
460 4757 724 4842 Λυσίμαχον,
749 4781 806 4845 pro
830 4758 948 4846 quibus
972 4761 1090 4845 partim
1113 4757 1216 4822 multo
1239 4755 1444 4824 adcuraticra
1467 4765 1597 4823 enarrat
1612 4753 1730 4824 Suidas
1753 4754 1953 4844 (ἐπιστατέον
1976 4755 2009 4820 δὲ
2032 4751 2155 4840 μήποτέ
2176 4753 2263 4816 ἐστιν

337 4866 353 4933 ὁ
378 4869 413 4932 ἐν
437 4875 495 4952 τῆς
517 4867 670 4952 Ἀλβάκης
690 4865 742 4931 Ἦ.
767 4875 823 4952 τῖης
845 4869 880 4930 ἑν
896 4866 998 4954 Καρίᾳ
1020 4865 1185 4952 ἰατρός).
1231 4863 1301 4930 Iam
1323 4863 1402 4932 haec
1425 4864 1492 4930 iere
1514 4871 1641 4930 statuo:
1666 4861 1823 4948 Hesychii
1845 4865 2047 4948 epitomator,
2070 4883 2134 4926 non
2150 4857 2264 4926 Suidas

338 4972 476 5057 demum,
500 4995 601 5040 unum
616 4973 853 5064 Diogenianum
875 4977 908 5038 in
930 4975 1009 5040 duos
1024 4973 1249 5060 grammaticos
1265 4973 1471 5058 cognomines
1486 4969 1656 5056 discerpsit
1671 4970 1723 5036 vel
1738 4969 1935 5054 discerptum
1950 4971 2076 5034 invenit
2099 4967 2154 5056 (cl.
2171 4985 2263 5032 voces

338 5079 392 5146 καί
414 5081 536 5168 αὐτός),
559 5081 618 5146 has
642 5081 722 5148 duas
744 5084 926 5147 contiones
950 5083 1200 5167 praestantiores
1215 5077 1334 5145 Suidas
1357 5078 1431 5145 libri
1454 5077 1553 5165 (AV)
1574 5077 1714 5143 fideliter
1727 5075 1904 5152 reddidere,
1926 5079 2026 5142 ceteri
2041 5081 2165 5158 contra,
2184 5093 2265 5158 quos

339 5188 377 5252 Ε.
401 5193 512 5254 secuta
534 5195 595 5271 est,
619 5188 704 5254 haud
732 5189 914 5254 inconsulte
941 5188 1014 5253 illas
1044 5189 1080 5252 in
1107 5208 1205 5252 unam
1233 5183 1549 5272 conglutinaverunt.
1595 5185 1711 5270 Itaque
1732 5183 1772 5248 E.
1795 5205 1859 5248 non
1882 5181 2031 5247 adhibuit
2052 5179 2263 5266 Hesyebium,

337 5295 464 5360 etiamsi
485 5293 568 5360 hanc
591 5293 772 5382 opinionem
801 5293 1009 5360 conmendare
1033 5291 1184 5359 videntur
1206 5293 1306 5358 verba
1335 5295 1414 5357 κατά
1438 5290 1640 5374 Λυσίμαχον
1665 5289 1785 5358 Suidas
1810 5291 1923 5378 ignota
1950 5288 2005 5378 (ci.
2028 5287 2178 5354 Rohdius
2200 5285 2263 5352 Rh.

447 5471 470 5540 ι)
488 5469 671 5540 Nequaquam
690 5471 831 5527 sufficiunt
848 5471 1009 5527 testimonia
1027 5487 1050 5527 s
1071 5473 1176 5548 Χάρων
1194 5477 1223 5526 st
1251 5485 1273 5527 s.
1286 5467 1392 5540 Ἴριυκος
1419 5469 1528 5534 (Flecte
1547 5487 1574 5541 p.
1592 5470 1628 5525 ea
1646 5487 1673 5526 n
1693 5471 1737 5540 l);
1761 5483 1826 5526 uam
1848 5469 1879 5525 in
1900 5467 2060 5524 narratione
2086 5465 2121 5522 ds
2146 5463 2261 5536 gruibus

338 5559 416 5630 Ibyci
434 5559 530 5615 durem
549 5559 636 5616 nnln
654 5559 838 5630 copiosiorem
857 5567 979 5616 assutam
997 5575 1063 5615 esse
1081 5558 1234 5616 Eudociam
1252 5559 1347 5630 liquet.
1384 5559 1458 5614 Dein
1480 5559 1608 5630 exemplo
1634 5573 1658 5616 s.
1678 5557 1773 5634 Θαλῆς
1795 5559 1828 5630 (L
1847 5559 1866 5614 l
1884 5559 1929 5629 63)
1954 5555 1995 5613 nil
2017 5557 2161 5628 probatur,
2188 5551 2263 5623 qnod

338 5647 375 5703 ad
387 5647 557 5719 Hesyebium
574 5649 707 5705 recedam
726 5665 842 5720 prorsus
861 5647 957 5706 diffido
976 5647 1022 5720 (ci.
1036 5647 1113 5704 Suid.
1132 5663 1156 5702 s.
1171 5645 1275 5722 Θαλῆν,
1294 5647 1389 5704 baert.
1408 5647 1431 5716 1,
1450 5649 1486 5704 22
1504 5665 1554 5720 sq,
1573 5647 1679 5706 Herod
1697 5647 1719 5718 1,
1738 5649 1795 5718 75),
1813 5663 1865 5704 uec
1882 5647 1972 5718 megia
1990 5645 2088 5717 glossa
2106 5659 2131 5700 a.
2145 5641 2263 5706 Εὔδοξοι

339 5738 381 5794 rei
399 5739 546 5808 quicquam
565 5739 723 5796 aunliatur.
