4990 6456
1096 597 1134 655 15

136 811 159 868 3
187 805 277 891 sqq.)
299 803 447 890 intellegi
470 797 586 870 voluit.
632 803 679 869 At
701 800 818 869 Suides
841 801 965 868 Ireertii
987 803 1095 870 verbis
1118 807 1152 870 td
1178 803 1211 869 di
1235 801 1410 889 paginarat
1433 828 1462 864 κ.
1486 826 1514 866 τ.
1538 808 1565 866 λ.
1589 799 1631 866 ed
1652 803 1785 868 tertium
1808 801 1974 890 (φυσικόν)
2002 825 2073 890 per·

135 934 258 999 peram
285 910 398 976 relatis
421 947 464 960 -
488 916 684 996 quapropter
714 911 826 975 statim
856 917 962 992 χρυσᾶ
990 908 1050 996 ἔπη
1078 933 1223 978 seorsum
1252 911 1413 976 recensuit
1435 947 1478 958 -
1500 908 1618 976 librum
1647 907 1783 996 φυσικόν
1813 913 1970 996 nuquam
1999 910 2072 978 sub·

140 1017 296 1085 diticium
319 1019 427 1082 omisit
448 1016 566 1103 (quere
588 1015 655 1081 noli
678 1037 750 1082 cum
773 1015 924 1102 Menugio
948 1014 993 1105 [in
1008 1017 1117 1085 Laert.
1133 1017 1226 1097 VIII,
1253 1015 1283 1107 6]
1307 1015 1441 1104 φυσικόν
1464 1016 1682 1102 interponere)
1703 1023 1802 1102 atque
1822 1023 1897 1101 post
1912 1020 2072 1084 nordron-

137 1126 203 1190 τόν
228 1145 338 1191 vocem
362 1122 489 1208 τρίτον
512 1121 676 1190 adnexuit.
726 1121 820 1198 Quod
848 1143 920 1190 oum
947 1145 1062 1210 parum
1091 1125 1244 1190 concinne
1276 1144 1466 1208 expressum
1495 1145 1563 1190 esse
1590 1121 1723 1190 vidisset
1745 1121 1887 1190 Eudoeia
1913 1145 1973 1210 pro
2002 1123 2073 1207 τρία

137 1233 291 1299 restituit
315 1231 384 1295 δύο
406 1228 526 1312 βιβλία.
572 1229 719 1316 Dequue
741 1233 776 1294 in
798 1229 844 1316 gl.

260 1339 317 1425 16)
339 1360 365 1404 8.
378 1335 533 1424 Ῥοῦφος
546 1335 708 1424 Ἐφέσιος
724 1337 884 1402 Endoeiae
895 1339 1136 1423 inscriptionem
1148 1336 1223 1403 libri
1234 1337 1306 1420 περί
1317 1336 1403 1402 οἴνου
1415 1337 1468 1400 καί
1477 1337 1604 1417 μέλιτος
1616 1337 1653 1399 ἓν
1666 1337 1704 1422 (i.
1717 1358 1743 1401 e.
1758 1335 1816 1418 „de
1827 1341 1963 1423 utroque
1974 1357 2072 1402 unum

139 1446 335 1532 libellum“)
345 1442 386 1510 ad
397 1466 510 1510 verum
521 1443 652 1532 propius
664 1443 811 1510 mcedere
822 1465 917 1530 quum
929 1443 1045 1510 Suidoe
1056 1443 1128 1529 περὶ
1140 1442 1225 1508 οἴνου
1238 1444 1283 1520 ἓν,
1297 1442 1368 1528 περί
1380 1442 1506 1523 μέλιτος
1517 1443 1669 1510 Flachius
1680 1442 1720 1529 (l.
1730 1443 1752 1508 l.
1762 1443 1883 1509 etViol.
1894 1441 1941 1508 ed.
1950 1465 1982 1527 p.
1992 1445 2074 1531 622)

139 1555 265 1618 iniuria
274 1554 399 1632 statuit,
410 1553 506 1615 immo
516 1549 595 1614 dnos
605 1549 659 1615 illu
668 1549 768 1616 libros
778 1549 934 1639 (ceterum
944 1555 1017 1638 post
1025 1549 1150 1630 μέλιτος
1159 1551 1236 1627 ,,ἓν“
1245 1549 1447 1617 intercidisse
1457 1549 2073 1638 censeo)inunumcontraxissevidetur.

255 1657 404 1744 Adparet
427 1658 593 1756 igiturne
616 1679 657 1724 ex
680 1657 741 1724 hac
768 1656 894 1743 quidem
923 1663 1017 1744 parte
1045 1661 1108 1724 toti
1131 1657 1327 1724 Flaohiauao
1355 1659 1498 1744 opinioni
1527 1657 1629 1724 ullum
1657 1657 1797 1724 fidorum
1824 1656 1952 1742 adferri,
1980 1679 2019 1726 ao
2044 1660 2074 1722 si

139 1789 232 1854 qnae
246 1765 409 1832 Eudooiae
433 1767 614 1830 notationes
639 1763 769 1829 meliore
792 1765 991 1850 praecellunt
1015 1763 1212 1849 condicione,
1235 1763 1267 1829 id
1291 1765 1388 1829 huius
1409 1765 1513 1850 ipsius
1528 1763 1715 1849 prudentiae
1730 1763 1918 1850 plerumque
1933 1761 2074 1829 debetur.

1025 1959 1131 2046 caput
1157 1957 1204 2028 ΙΙΙ.

178 2089 243 2195 οο
280 2085 386 2192 ritis
423 2081 662 2191 nonnullis
709 2115 825 2215 quae
866 2115 1012 2220 neque
1050 2083 1175 2218 apud
1215 2082 1404 2191 Suidam
1442 2114 1587 2216 neque
1624 2085 1673 2189 in
1710 2079 1808 2190 ullo
1847 2085 2047 2194 fontium

525 2225 584 2334 ah
624 2223 825 2336 hudooia
864 2226 998 2357 volgo
1036 2225 1357 2335 adhibitorum
1396 2227 1701 2359 reperiuntur.

254 2405 328 2470 Non
351 2401 466 2470 denunt
488 2401 553 2468 elie
576 2409 769 2488 argumenta
793 2402 909 2489 quibus
932 2403 1084 2470 Illschius
1109 2403 1146 2490 (l.
1170 2403 1192 2468 1.
1217 2410 1259 2468 48
1285 2403 1350 2489 sq.)
1372 2423 1462 2467 suom
1486 2403 1680 2469 sententiam
1702 2403 1913 2469 conroborata
1939 2403 2075 2470 studuit.

142 2513 275 2600 Quippe
298 2509 466 2595 conplures
489 2511 671 2574 notationes
695 2508 782 2594 apud
804 2508 980 2575 Eudociam
1003 2511 1216 2576 inveniuntur
1238 2531 1319 2596 quae
1342 2516 1374 2575 et
1401 2507 1520 2575 Suidae
1549 2512 1740 2597 ignorantur
1769 2531 1870 2596 neque
1899 2513 1934 2576 iu
1960 2512 2077 2577 ceteris

145 2620 267 2686 Violeti
289 2617 430 2684 lontibus
452 2617 507 2704 (ci.
524 2613 682 2682 Flaohius
704 2615 726 2680 l.
750 2616 787 2704 l.)
815 2637 951 2702 usquam
973 2623 1146 2684 occurrunt
1169 2616 1223 2704 (ci.
1247 2618 1344 2682 etiem
1366 2615 1554 2681 Nitnsohius
1577 2615 1597 2680 l.
1621 2615 1642 2680 l.
1668 2623 1708 2681 25
1731 2615 1795 2704 sq.)
1840 2617 1909 2682 Iam
1933 2619 2078 2702 quaestio

144 2726 293 2792 exontnr
314 2743 390 2788 num
414 2745 453 2788 ex
477 2721 640 2807 Hesychia
662 2721 739 2787 illas
763 2717 803 2788 E.
826 2727 976 2787 mutuata
999 2725 1052 2788 sit.
1100 2723 1288 2789 Perceneero
1311 2727 1417 2788 annm
1441 2722 1532 2790 lubet
1554 2722 1669 2789 hasco:

258 2832 292 2918 1)
315 2852 341 2897 s.
364 2827 621 2912 Ἀλέξανδρος
649 2829 836 2906 Μάνδιος,
866 2828 1035 2912 ἱστορικός,
1067 2829 1273 2911 διαλαμβάνει
1305 2829 1378 2914 περί
1401 2829 1562 2913 Γοργόνος,
1595 2851 1677 2917 quae
1703 2830 1800 2898 verbe
1828 2853 1866 2896 ex
1893 2830 2012 2896 Athen.
2036 2831 2076 2914 V,

147 2939 246 3004 2210
269 2959 337 3004 esse
359 2939 462 3022 petita
485 2973 527 2985 —
552 2939 607 3000 vix
629 2943 737 3002 tumen
761 2937 957 3023 interpolata
980 2975 1023 2986 -
1047 2935 1291 3023 Flaohiusipse
1314 2936 1460 3004 coneedit
1481 2939 1528 3025 (p.
1554 2943 1607 3021 49,
1631 2959 1663 3004 n.
1688 2947 1718 3022 1,
1742 2939 1782 3004 cl.
1808 2939 1907 3004 etiam
1921 2939 2004 3004 Viol.
2029 2938 2077 3004 ed.

146 3069 180 3132 p.
207 3051 248 3110 85
271 3044 345 3130 sq.)
392 3041 541 3109 (letarum
567 3042 650 3107 idern
674 3045 738 3107 iam
762 3043 942 3109 coniecerat
962 3043 1145 3110 Meinekius
1160 3043 1278 3110 Exere.
1302 3045 1381 3129 phil.
1407 3047 1438 3108 in
1455 3043 1575 3110 Athen.
1599 3044 1626 3128 I,
1652 3053 1692 3110 19
1718 3043 1797 3133 (vid.
1822 3047 1920 3112 etiarn
1943 3044 2077 3111 Vossius

144 3153 188 3218 de
210 3151 295 3217 Hist.
319 3151 377 3218 Gr.
400 3173 431 3238 p.
457 3155 521 3215 382
546 3157 578 3215 et
601 3148 675 3214 adn.
703 3155 743 3218 29
769 3148 818 3215 ed.
841 3149 1041 3236 Westerm.)

258 3258 291 3345 2)
314 3279 339 3323 s.
363 3255 659 3342 Ἀρίστανδρος
683 3254 699 3321 ὁ
722 3255 933 3336 μάντις-
950 3255 1042 3323 δίκαι
1070 3279 1152 3344 quoe
1175 3256 1332 3346 peculiari
1354 3259 1479 3324 auctori
1502 3261 1597 3346 eique
1618 3260 1709 3325 nobie
1732 3262 1844 3346 ignoto
1863 3257 1977 3325 debere
1991 3258 2077 3325 vide·

145 3375 204 3433 tur
214 3365 255 3430 n.
270 3367 393 3451 pariter
409 3385 447 3430 ac
463 3362 559 3429 verba
574 3385 656 3449 qnae
670 3369 823 3430 secuntur
838 3363 1004 3428 Eustathii
1015 3363 1070 3450 (ad
1083 3365 1218 3449 Dionys.
1231 3365 1356 3452 Perieg.
1376 3367 1455 3451 747)
1461 3365 1484 3454 ¹)
1500 3373 1575 3432 sunt
1589 3365 1644 3452 (ci.
1656 3365 1765 3432 Flsch.
1777 3365 1861 3432 Viol.
1878 3365 1927 3431 ed.
1943 3387 1974 3454 p.
1989 3365 2077 3452 127).

257 3473 292 3559 3)
314 3493 340 3537 s.
365 3470 588 3556 Δημήτριος
611 3471 750 3547 Ἰλιεάς
764 3495 771 3510 ·
785 3469 904 3554 ἔγραψε
925 3473 1050 3554 Τρωϊκά
1073 3473 1107 3534 ἐν
1132 3471 1265 3554 βιβλίοις
1288 3471 1398 3548 εἴκοσι,
1422 3491 1503 3558 qnae
1529 3494 1570 3536 ex
1594 3473 1724 3560 proprio
1746 3471 1834 3538 tonte
1857 3493 2006 3538 manasse
2025 3472 2075 3538 vel

146 3577 231 3644 illud
254 3581 384 3656 evincit,
414 3577 500 3664 quod
522 3578 633 3665 glossa
656 3585 752 3644 extra
774 3577 939 3664 uolgarem
963 3577 1147 3644 litterarum
1175 3577 1316 3644 ordinem
1345 3599 1438 3664 quem
1465 3580 1500 3643 in
1527 3581 1646 3646 ceteris
1673 3579 1845 3646 observare
1870 3579 1946 3646 licet
1972 3581 2078 3665 posita

152 3691 202 3752 est
224 3685 279 3771 (cf.
294 3685 481 3753 Nitzschins
497 3684 518 3748 l.
535 3685 557 3750 l.
575 3685 675 3774 27).)
721 3685 871 3753 Oetenrm
894 3685 945 3750 hic
960 3685 1145 3751 Demetrius
1169 3686 1303 3751 fumasse
1327 3707 1390 3751 non
1414 3685 1562 3752 diversus
1586 3693 1636 3752 est
1657 3685 1854 3752 aDcmetric
1870 3685 2000 3772 Scepsio
2022 3689 2078 3773 qui

156 3794 296 3874 Τρωικὸν
319 3791 491 3872 διάκοσμον
514 3793 651 3879 triginta
669 3791 886 3857 voluminibus
902 3793 1096 3879 conseripsit
1119 3793 1173 3880 (of.
1191 3791 1298 3858 Strab.
1313 3791 1409 3872 ΧΠΙ,
1433 3815 1464 3878 p.
1485 3799 1560 3878 609,
1583 3790 1902 3859 nucherinus.
1919 3792 2078 3877 IVbett,

149 3897 307 3965 Stiehlius
330 3897 415 3964 Phil.
437 3898 479 3982 V,
504 3905 567 3966 528
591 3920 651 3984 ορ,
675 3899 832 3965 Flachins
855 3899 878 3964 l.
902 3898 952 3986 1.).

257 4005 295 4092 4)
317 4003 533 4082 Δέξιππος,
558 4005 717 4086 ιιωμικάς·
733 4005 881 4089 δράματα
904 4007 1004 4070 αὐτοῦ
1028 4005 1351 4089 ’Λντιπορνοβοσκός,
1377 4006 1587 4091 Φιλάργυρος,
1608 4005 1870 4096 Ἶστοριογράρος,
1895 4007 2079 4084 Διαδιιιαζό-

147 4135 251 4192 μενοι,
281 4133 377 4198 quam
399 4114 501 4177 vitem
525 4131 544 4176 a
567 4111 736 4179 Nitzrchio
760 4115 1018 4199 praetermissam
1042 4113 1196 4181 Flechios
1221 4115 1267 4201 (p.
1292 4113 1349 4202 49)
1380 4117 1508 4180 notarit
1538 4115 1610 4202 (sed
1633 4113 1707 4180 vido
1729 4135 1815 4180 nnnc
1837 4112 1972 4180 eundem
1994 4114 2079 4180 Mus.

145 4220 211 4284 Rh.
228 4241 260 4282 n.
278 4223 329 4302 35,
347 4225 412 4283 220
427 4224 461 4285 et
475 4217 558 4284 Viol.
577 4219 627 4284 ed.
643 4240 674 4304 p.
693 4219 772 4307 229)
788 4222 935 4305 quamvis
950 4220 1099 4287 inmerito
1115 4219 1193 4310 (vid.
1210 4220 1321 4287 adnot.
1338 4219 1538 4306 Bernhardyi
1554 4229 1588 4288 et
1603 4221 1873 4309 Westnrmanni):
1889 4241 2027 4308 namque
2043 4221 2076 4286 id

149 4326 223 4391 lnce
246 4325 361 4392 olarius
384 4331 435 4390 est
459 4347 573 4391 nornen
590 4325 743 4402 Δέξιππος
760 4325 981 4392 Eudooianum
1004 4330 1146 4414 genuino
1166 4348 1243 4394 voce
1259 4327 1486 4404 Διώξιππος
1513 4328 1687 4414 depravata
1709 4349 1780 4394 esse
1800 4335 1941 4396 anatum.
1987 4328 2076 4396 Oete·

147 4455 222 4498 rum
245 4429 355 4498 eadem
377 4433 564 4519 oonruptela
586 4432 673 4518 apud
696 4433 828 4500 Snidam
852 4455 878 4499 e.
903 4435 1085 4518 doponatur
1107 4432 1369 4519 deprehenditur,
1391 4435 1475 4500 unde
1500 4435 1673 4502 Fabricius
1694 4432 1795 4524 (Bibl.
1812 4435 1870 4502 Gr.
1886 4437 1922 4502 H
1944 4460 1975 4525 p.
1995 4440 2076 4525 498)

146 4539 190 4604 de
213 4539 365 4626 Dexippo
387 4539 506 4606 comico
529 4539 703 4606 somniavit
725 4541 779 4628 (cl.
804 4540 985 4606 Meinekius
1008 4541 1046 4605 F.
1070 4539 1105 4606 0.
1130 4539 1169 4607 G.
1194 4541 1222 4624 Ι,
1247 4543 1348 4628 485.)

260 4649 293 4734 5)
316 4668 342 4712 e.
367 4649 495 4730 Δῶρις
519 4647 555 4734 (i.
573 4668 599 4713 e.
616 4650 780 4733 Δοῦρις,
805 4649 845 4718 cf.
861 4647 1035 4715 Hullemen
1050 4647 1165 4714 Durid.
1192 4649 1306 4734 fragm.
1322 4671 1354 4734 p.
1372 4649 1406 4737 3)
1429 4647 1586 4734 ἱστορικός
1599 4673 1607 4688 ·
1619 4649 1757 4735 ἔγραψεν
1772 4648 1914 4733 ἱστορίαν
1930 4653 2075 4735 Λιβυκὴν

147 4752 206 4818 καί
227 4753 404 4838 Περσικάνι
425 4775 466 4820 ne
480 4753 577 4820 huius
594 4753 721 4841 quidem
744 4753 873 4841 glossae
888 4755 1043 4842 originem
1059 4759 1259 4842 perspectam
1275 4754 1371 4822 habet
1386 4755 1572 4824 Nitnschius
1586 4757 1642 4844 (cf.
1658 4756 1808 4824 Flochius
1827 4755 1850 4821 l.
1868 4755 1917 4842 1.).
1956 4755 2075 4823 Tamen

150 4860 249 4925 verba
271 4860 378 4947 priora
400 4859 518 4948 (usqne
540 4859 581 4926 ad
605 4860 658 4925 καί
682 4860 858 4949 Περσικήν)
882 4861 1043 4928 Endociae
1065 4863 1171 4948 potuit
1194 4860 1404 4948 suppeditare
1426 4862 1543 4928 Suidae
1565 4863 1673 4950 glossa
1694 4885 1720 4929 s.
1743 4861 1859 4944 Λαμία
1886 4862 2018 4951 (ταύτην
2040 4866 2075 4929 ἐν

148 4975 187 5054 τῇ
212 4966 320 5054 Λιβύῃ
344 4969 457 5052 Δοῦρις
479 4969 514 5030 ἐν
539 4967 677 5054 δευτέρῳ
700 4972 857 5049 Λιβυκῶν
880 4967 1051 5052 innupti...
1076 4968 1132 5033 ubi
1155 4971 1269 5048 Δοῦρις
1292 4967 1412 5034 habent
1434 4968 1498 5034 duo
1521 4967 1597 5034 libri
1611 4969 1776 5058 Parisini),
1799 4967 1855 5035 sed
1878 4971 1919 5036 cl'.
1935 4969 2076 5037 Reinesii

151 5079 260 5138 notam
283 5075 334 5160 (in
357 5073 447 5140 Suid.
471 5073 519 5139 ed.
543 5073 662 5140 Bernh.
685 5073 732 5159 11,
757 5080 832 5158 495,
857 5097 889 5140 n.
914 5076 969 5164 4);
999 5081 1167 5162 praeterea
1190 5081 1302 5141 autern
1323 5073 1407 5142 idom
1428 5081 1584 5158 Λιβυκῶν
1606 5097 1685 5164 opus
1707 5075 1857 5144 laudatur
1880 5075 2075 5144 scholiastae

150 5177 321 5268 Aristoph.
334 5180 433 5270 Vesp.
452 5185 537 5248 1035
561 5179 625 5268 (ed.
643 5181 797 5268 Duebn.)
820 5182 939 5250 Photio
956 5205 987 5248 v.
1002 5181 1130 5262 Λομία,
1155 5181 1293 5248 Tuetzee
1308 5181 1349 5246 ad
1364 5181 1524 5269 Lycophr.
1544 5189 1606 5250 847
1631 5183 1685 5272 (of.
1702 5183 1819 5272 Apost.
1834 5206 1924 5271 prov.
1940 5181 1990 5249 IX
2005 5185 2073 5274 33).

150 5286 200 5352 At
222 5285 306 5353 nude
327 5289 475 5354 notitiam
499 5289 658 5373 Περσικὴν
680 5287 834 5375 ἱστορίαν,
858 5311 940 5375 quoe
962 5289 1107 5354 infirmae
1129 5288 1202 5354 fidei
1226 5295 1286 5374 est,
1310 5291 1375 5356 istu
1397 5289 1574 5378 adripuerit
1597 5313 1649 5356 me
1663 5289 1789 5378 quidem
1808 5290 1903 5378 fugit,
1925 5292 1989 5358 nisi
2003 5293 2074 5378 quis

146 5414 221 5458 eam
250 5415 267 5458 e
290 5395 361 5459 vita
383 5396 536 5461 continua
559 5395 599 5484 (s.
624 5395 704 5461 Δάου
719 5419 726 5435 ·
741 5395 896 5484 Περσικά)
920 5395 983 5462 hnc
1005 5398 1163 5461 invasisse
1186 5395 1396 5463 arbitrabitur
1418 5397 1474 5485 (oi.
1497 5419 1583 5464 nuuc
1605 5397 1832 5464 FluchiiViol.
1856 5396 1904 5463 ed.
1927 5420 1958 5485 p.
1984 5398 2073 5476 223).

261 5573 282 5642 ¹)
301 5569 404 5628 Nescio
424 5589 460 5628 sn
477 5572 522 5628 hic
542 5571 708 5629 Aristander
726 5573 799 5628 idem
819 5573 857 5630 sit
875 5579 958 5642 otone
983 5571 1031 5628 ills
1056 5571 1103 5640 qui
1130 5571 1164 5628 de
1189 5571 1315 5628 ostenda
1337 5573 1432 5628 multis
1451 5574 1637 5630 voluminibus
1660 5573 1796 5645 exposuit,
1822 5573 1875 5630 rii.
1894 5574 1965 5630 Plio.
1985 5573 2019 5629 ll.
2038 5574 2072 5630 il.

150 5657 233 5714 XVII
251 5660 295 5728 25,
314 5660 368 5718 ind.
386 5660 448 5718 libr.
466 5661 542 5717 vm.
561 5661 596 5718 X.
614 5661 691 5718 XIV.
709 5660 770 5718 XV.
789 5661 900 5733 XVIII,
920 5661 1050 5718 vossium
1068 5660 1088 5716 l.
1107 5660 1126 5714 l.
1144 5677 1172 5731 p.
1190 5661 1244 5716 400
1263 5667 1292 5716 et
1310 5661 1374 5718 adu.
1394 5663 1454 5718 100.

259 5749 282 5817 ¹)
302 5749 345 5806 De
363 5749 542 5822 Hesychius
560 5749 675 5822 glossae
694 5752 801 5822 origine
820 5751 930 5808 dubitet
948 5749 1082 5806 Flsehirrs
1100 5749 1174 5806 Viol.
1192 5748 1236 5805 sd.
1255 5767 1281 5821 p.
1300 5751 1361 5805 221.
