4990 6456
1150 534 1187 592 21

197 738 322 804 Suidac
344 737 444 803 verba
464 737 627 820 mendosa,
651 737 769 824 quibus
784 737 982 824 prohabilem
998 739 1121 808 adferre
1135 741 1291 808 medelam
1306 761 1439 827 nequeo,
1462 740 1593 826 repetiit
1616 741 1674 826 (cf.
1688 741 1774 806 Viol.
1791 739 1838 808 ed.
1855 763 1887 827 p.
1904 744 1994 829 239).
2041 741 2129 819 Quos

193 853 308 911 autem
331 846 392 910 sub
415 843 509 910 finem
533 842 649 909 adiecit
672 843 782 927 λόγους
805 845 1046 930 πανηγυρικούς,
1075 847 1135 914 hos
1158 850 1186 914 si
1208 853 1347 914 aetatem
1369 846 1540 932 Enstephii
1570 850 1703 934 respicis
1733 849 1804 934 ipsa
1833 849 1960 915 normae
1989 847 2128 916 videtur.

197 954 239 1038 Ἰ)
262 974 288 1019 1.
305 951 524 1036 Ἵππαρχος
547 949 586 1015 Ε.
609 949 727 1017 Saldae
748 951 896 1017 notitiam
926 957 1110 1021 truncatam
1139 957 1291 1043 (γεγονώς
1319 951 1373 1017 tut
1401 961 1465 1018 τῶν
1495 951 1635 1030 intrav,
1668 974 1750 1040 quae
1781 955 1884 1021 verba
1912 955 2128 1043 probabiliter

196 1079 316 1124 sanare
348 1057 430 1123 mihi
460 1079 525 1123 nou
554 1058 711 1146 contigit)
742 1059 868 1125 recoxit
895 1059 953 1145 (ci.
984 1059 1130 1128 Rohdius
1162 1062 1248 1128 hina.
1279 1061 1344 1126 Rh.
1376 1083 1408 1125 n.
1440 1067 1492 1138 33,
1527 1065 1588 1125 179
1621 1081 1653 1125 n.
1686 1071 1714 1138 1,
1745 1069 1777 1127 at
1808 1061 1931 1128 Flacbii
1961 1063 2044 1129 Viol.
2078 1061 2127 1129 cd

200 1190 232 1253 p.
256 1167 347 1254 397).
396 1165 430 1252 8)
454 1187 481 1229 1.
504 1162 690 1249 Μέλητος
712 1164 813 1230 verbe
835 1163 954 1249 ε”μροψε
969 1203 1012 1216 -
1028 1167 1235 1256 Σοφοκλέους,
1259 1187 1342 1255 quae
1365 1167 1405 1232 ad
1428 1165 1596 1232 Melissnm
1618 1169 1728 1252 potius
1751 1169 1916 1234 referenda
1938 1177 2027 1252 sunt,
2055 1189 2128 1236 cnm

200 1274 258 1338 hae
273 1271 384 1358 glossa
398 1273 481 1337 male
505 1271 663 1338 coaluere.
711 1273 824 1358 Neque
847 1272 942 1338 aliter
965 1280 1017 1340 est
1043 1274 1130 1361 apud
1145 1275 1296 1343 Suidam:
1321 1275 1425 1362 qualis
1448 1274 1564 1340 amoris
1587 1275 1681 1339 unice
1698 1273 1823 1359 Snidas,
1847 1297 1913 1341 non
1936 1279 2128 1362 epitomator

195 1379 302 1466 (quod
317 1379 468 1446 Flachius
490 1378 696 1444 censetViol.
719 1401 751 1466 p.
775 1381 867 1468 497),
891 1387 999 1468 potest
1021 1383 1145 1468 culpari
1168 1383 1223 1472 (ol.
1250 1381 1310 1468 „de
1325 1383 1359 1450 S.
1381 1381 1435 1447 b.“
1461 1381 1552 1459 411).
1599 1379 1798 1448 Luculenter
1812 1383 1915 1470 igitur
1928 1383 2006 1450 haec
2020 1384 2128 1471 glossa

196 1491 419 1552 conmonstrat
433 1484 566 1552 aSuida
580 1485 918 1572 pendereEudociam.
964 1488 1028 1554 Sed
1043 1491 1129 1557 idem
1142 1491 1216 1556 aliis
1233 1488 1387 1575 exemplis
1403 1487 1550 1554 similiter
1564 1489 1748 1574 conparatis
1763 1489 1839 1556 licet
1853 1489 1991 1556 firmare.
2037 1489 2128 1568 Quae

199 1593 354 1658 Flachins
364 1592 426 1658 huc
435 1590 605 1659 adnectere
614 1590 730 1677 noluit,
742 1596 844 1680 utqui
853 1598 995 1662 omnium
1004 1598 1139 1663 istarum
1149 1597 1432 1684 perturbationum
1442 1597 1686 1680 epitomatorem
1699 1597 1782 1682 (sire
1790 1594 1952 1684 librarios)
1964 1596 2127 1664 insimulo·

198 1703 285 1766 verit
299 1700 355 1787 (cf.
373 1723 403 1787 p.
421 1707 485 1765 176
500 1721 532 1764 n.
549 1699 595 1778 4).
642 1698 715 1775 Qua
726 1703 760 1766 in
772 1723 807 1766 re
818 1701 901 1768 falsa
912 1704 1096 1788 opinatione
1108 1703 1275 1789 deceptum
1287 1723 1357 1769 ease
1369 1699 1495 1767 docebit
1507 1700 1683 1787 disputatio
1695 1709 1807 1767 nostra
1821 1700 1878 1787 „de
1889 1702 1922 1768 S.
1935 1703 1987 1768 b.“
2002 1711 2065 1769 407
2078 1723 2127 1790 sq.

199 1805 239 1872 E.
263 1827 341 1872 vero
364 1827 390 1872 e.
407 1805 596 1894 Ἔφιππος
620 1808 831 1893 principalem
853 1831 964 1876 rocem
988 1831 1061 1876 cum
1084 1809 1184 1877 Snida
1205 1811 1288 1876 falso
1312 1808 1442 1875 rettulit
1465 1809 1536 1895 (pro
1552 1807 1708 1894 Ἔφορος),
1732 1807 1804 1874 dein
1827 1811 1860 1874 in
1883 1809 1929 1897 gl.
1952 1809 2126 1892 Σιμμίας

199 1915 278 1979 item
301 1914 442 1999 turpiter
464 1916 586 1980 erravit
609 1915 667 1998 (ct.
693 1935 792 2000 supra
814 1937 845 2002 p.
873 1923 939 2004 10).
985 1917 1077 1982 Hanc
1102 1925 1211 1982 tamen
1233 1919 1337 1982 vitam
1360 1913 1400 1979 ad
1423 1913 1520 1980 aliam
1545 1937 1613 1980 rem
1637 1935 1713 1982 sane
1735 1937 1829 2003 quam
1853 1939 1983 2004 gravem
2001 1917 2128 1984 demon·

196 2019 362 2086 strandam
385 2026 460 2107 apte
482 2023 603 2106 poteris
624 2019 814 2088 adsciscere.
860 2023 1048 2090 Nitaschins
1072 2024 1222 2089 nimirum
1246 2045 1323 2088 suae
1346 2023 1489 2107 opinioni
1513 2021 1692 2089 bandiera
1714 2022 1865 2090 accedere
1892 2023 2126 2091 firmamentum

197 2127 274 2192 inde
296 2129 437 2213 putavit,
460 2126 546 2214 quod
561 2127 723 2195 Endcoiae
745 2131 830 2195 vitas
853 2151 924 2196 cum
941 2129 1043 2196 Suida
1060 2151 1233 2196 eonmnnes
1249 2129 1355 2195 eodem
1380 2129 1524 2194 ordine
1547 2131 1853 2197 antistoichico
1877 2151 1940 2218 quo
1955 2131 2126 2200 Suidianas

195 2255 267 2298 esse
290 2233 466 2319 dispositas
497 2233 760 2312 animadverterit
789 2235 845 2325 (cl.
869 2259 901 2324 p.
926 2242 965 2302 41
992 2237 1066 2325 sq).
1113 2236 1207 2314 Quod
1235 2239 1264 2303 si
1298 2257 1409 2302 verum
1438 2243 1497 2321 eat,
1528 2235 1565 2300 Ε.
1596 2235 1673 2301 illas
1701 2259 1741 2302 ex
1770 2237 1874 2305 lexico
1903 2239 2127 2306 antistoichica

195 2342 324 2406 ratione
355 2339 509 2407 adornato
541 2339 785 2428 deprompserit.
833 2344 903 2411 Hoc
933 2347 1041 2432 ipsum
1065 2343 1185 2410 Suidae
1217 2365 1299 2430 opus
1331 2344 1432 2408 inisse
1462 2341 1519 2408 ille
1550 2362 1609 2407 suo
1641 2345 1712 2408 inre
1743 2347 1874 2430 statuit;
1906 2351 1940 2412 at
1970 2344 2126 2412 Flachius

196 2447 245 2534 (p.
272 2455 345 2526 172,
372 2455 434 2513 176
459 2451 544 2534 not.)
567 2449 764 2535 Hesychinm
786 2449 855 2539 (vel
880 2452 1137 2538 epitomatorem)
1162 2451 1338 2538 singularis
1359 2449 1452 2515 illius
1475 2448 1597 2513 ordinis
1621 2449 1821 2517 conditorem
1845 2451 1944 2518 fuisse
1966 2450 2126 2516 adfirmat.

196 2553 293 2630 Quod
316 2575 374 2640 per
395 2577 429 2621 se
452 2555 612 2622 obstinate
635 2559 749 2644 negari
771 2561 894 2644 nequit,
919 2579 1103 2646 quanquam
1126 2557 1261 2624 alteram
1286 2557 1480 2624 sententiam
1502 2554 1630 2642 glossae
1651 2557 1790 2640 Σιμμίας
1813 2557 1958 2625 condicio
1979 2579 2126 2624 conmen-

194 2661 274 2727 dare
296 2661 440 2728 videtur:
471 2686 512 2728 ex
535 2684 599 2750 qua
621 2663 719 2730 aliam
744 2663 934 2752 disponendi
957 2667 1115 2731 rationem
1137 2667 1172 2730 in
1194 2666 1334 2752 epitoma
1354 2685 1507 2750 regnasse
1535 2663 1632 2728 aliam
1660 2664 1693 2729 in
1715 2663 1833 2730 Snidae
1861 2663 1963 2731 lexico
1990 2683 2125 2752 regnare

195 2767 360 2834 discimus.
405 2769 492 2836 hiira
515 2773 598 2835 enim
621 2771 824 2855 perturbatio
848 2791 929 2859 quae
952 2773 1055 2838 vitani
1078 2771 1169 2838 illam
1192 2773 1314 2838 invasit
1334 2770 1407 2836 inde
1430 2777 1543 2838 exorta
1565 2778 1624 2854 cat,
1650 2771 1733 2858 quod
1758 2771 1874 2839 Suidae
1897 2772 1982 2839 oculi
2003 2774 2038 2838 in
2060 2773 2125 2858 epi·

194 2883 285 2940 tome
312 2874 522 2941 describenda
551 2877 592 2942 ad
620 2877 666 2965 gl.
698 2878 877 2963 Σιμωνίδης
904 2879 1106 2946 aberrarunt.
1152 2877 1192 2944 ld
1219 2885 1326 2945 mmen
1354 2876 1481 2944 difficile
1508 2879 1593 2944 foret
1625 2878 1798 2966 explicatu,
1828 2880 1891 2945 nisi
1920 2881 1954 2944 in
1984 2881 2125 2965 epitoma

195 2981 257 3046 hae
279 2981 361 3047 dnae
384 2984 470 3047 ritae
493 2981 644 3070 deinceps
668 2991 778 3052 essent
801 2985 1002 3053 subsecutae.
1049 2986 1100 3052 Ibi
1123 2988 1227 3073 igitur
1249 2983 1396 3072 singulae
1419 2985 1545 3072 glossae
1568 2983 1608 3050 ad
1632 2983 1717 3052 hunc
1739 2985 1805 3051 fere
1833 2985 1975 3052 ordinem
2002 2987 2124 3073 positae

194 3095 307 3154 erant:
330 3088 471 3170 Σιμμίας
496 3092 638 3174 θηβαῖος,
662 3093 803 3174 Σιμμίας
823 3093 957 3173 Ῥύδίος,·
987 3093 1166 3178 Σιμωνίδης
1188 3093 1384 3178 Ἀμορμῖιος,
1408 3095 1443 3155 Σ.
1466 3091 1645 3176 Ἰουλιήτης,
1669 3095 1704 3156 Σ.
1729 3093 1829 3172 Κεῖος,
1857 3097 1892 3158 Σ
1917 3093 2064 3177 Μάγνης,
2087 3095 2123 3156 Σ.

197 3195 375 3281 Καρύστιος
397 3197 446 3285 (hi
469 3197 601 3285 quidem
624 3203 736 3284 utpote
760 3201 856 3266 ambo
878 3203 964 3287 epici
985 3222 1051 3267 una
1073 3201 1154 3266 serie
1178 3199 1414 3288 conprehensi),
1445 3197 1563 3265 Suidae
1591 3205 1702 3264 contm
1730 3201 1869 3284 primum
1898 3199 2018 3286 lyricos
2050 3197 2123 3266 dein

194 3305 305 3387 epicos
327 3308 397 3369 tum
419 3304 688 3393 iambographnm
711 3329 877 3374 recensere
897 3308 1031 3395 placuit.
1078 3307 1165 3396 Ergo
1181 3305 1285 3373 denno
1299 3305 1447 3373 ridemus
1461 3305 1697 3392 alphabeticum
1713 3309 1871 3393 epitomae
1886 3305 2122 3394 dispositionem

194 3409 386 3475 stabilitam.
411 3410 576 3476 —Porro
600 3410 824 3479 Endociaead
852 3436 980 3480 manum
1009 3415 1110 3480 fuisse
1133 3415 1262 3482 Suidam
1293 3417 1372 3480 item
1401 3414 1436 3478 in
1464 3415 1534 3480 rita
1566 3435 1591 3478 s.
1614 3413 1786 3494 Ἀλκμάν
1817 3433 2007 3501 cognoscere
2036 3413 2122 3479 licet.

196 3515 279 3580 Nam
309 3515 396 3603 apud
425 3523 599 3604 utrumque
628 3527 741 3605 poetae
770 3519 929 3587 tribuitur
958 3543 1039 3609 opus
1071 3519 1148 3599 „eei
1176 3521 1424 3603 Κολομβώοος,“
1456 3521 1547 3586 cuius
1578 3521 1727 3587 notitiam
1754 3519 1874 3587 Suidae
1905 3521 2124 3608 suppeditavit

197 3621 333 3688 Photius
357 3622 458 3710 (Bibl.
482 3647 512 3711 p.
539 3631 639 3691 150a:
664 3629 720 3703 τὰς
746 3627 781 3692 δὲ
805 3628 1021 3710 Κολομβούοιις
1043 3628 1286 3710 Ἀλκμύνοος
1303 3652 1332 3692 ν.
1348 3653 1376 3692 τ.
1393 3628 1446 3716 λ.).
1492 3625 1556 3694 Sed
1578 3627 1635 3692 ille
1660 3635 1817 3714 conrupta
1833 3627 1930 3694 Photi
1951 3627 2123 3711 exemplari

198 3728 367 3796 utebatur:
391 3737 441 3796 est
463 3734 548 3797 enim
572 3753 687 3800 nomen
711 3741 825 3820 poetae
847 3757 920 3800 cum
935 3735 1097 3803 Meinekio
1112 3735 1190 3824 (Qu.
1207 3736 1299 3802 Scen.
1315 3735 1344 3822 Ι,
1369 3735 1427 3824 33)
1450 3735 1483 3800 in
1497 3733 1702 3816 Ἀλκιμένους
1724 3733 2014 3822 redintegrandum,
2039 3732 2121 3798 unde

199 3834 390 3902 Welclrerns
420 3835 474 3926 (de
496 3837 644 3905 Alcman.
669 3842 704 3928 9)
733 3849 820 3908 recte
847 3841 949 3908 effecit
972 3843 1188 3924 Κολομβώσος
1218 3843 1258 3908 ad
1288 3845 1441 3909 comicum
1472 3863 1542 3908 esse
1564 3842 1759 3908 referendas.
1804 3842 1855 3908 Ex
1878 3841 1985 3908 eodem
2009 3841 2123 3907 Photic

195 3941 244 4028 (p.
270 3945 370 4030 150e)
391 3944 461 4029 ipse
485 3945 518 4011 S.
544 3947 642 4012 verba
664 3970 691 4012 s.
715 3949 969 4030 Πτολεμαῖος
993 3950 1164 4036 Κυθήριος,
1191 3939 1464 4026 ἐποποιός·ούτος
1493 3947 1613 4034 ἔγραψε
1639 3949 1711 4034 περί
1738 3947 1949 4035 ψαλακύνθρς
1976 3949 2121 4035 (prepter

197 4071 309 4116 vocem
332 4051 480 4128 ἐποποιός
502 4056 610 4140 inepte
639 4054 1026 4146 redimendarum)
1058 4059 1094 4122 ἑν
1126 4058 1231 4145 τούτῳ
1254 4097 1297 4108 -
1320 4057 1442 4139 ἔχουσα
1473 4058 1578 4144 petiit,
1617 4077 1699 4143 quae
1730 4057 1937 4143 grammatico
1964 4053 2122 4142 cognomi·

196 4163 274 4222 nato
304 4157 373 4223 iure
404 4157 591 4246 adsignavit
611 4161 797 4230 Meinelsius
826 4163 865 4230 F.
894 4163 929 4230 Ο.
954 4163 994 4232 G.
1019 4165 1083 4249 111,
1114 4173 1189 4232 219.
1234 4165 1383 4251 Denique
1411 4166 1446 4229 in
1472 4164 1517 4251 gl.
1547 4163 1750 4240 1.”Αλεξις
1780 4163 1977 4248 ineptissime
1999 4161 2120 4249 legitur

200 4261 330 4347 θούριος
353 4264 501 4348 κωμικός,
535 4265 641 4345 ὅστις
665 4269 850 4356 πρότερον
874 4271 1038 4357 Σύβαρις
1062 4273 1250 4349 ἐκαλεῖτο,
1281 4291 1361 4360 quae
1384 4269 1484 4338 verba
1504 4269 1538 4336 S.
1562 4271 1658 4357 paulo
1687 4269 1864 4336 consultius
1892 4278 1967 4357 post
1991 4269 2119 4351 θούριος

196 4371 320 4457 posuit:
343 4375 570 4460 suspicabatur
584 4383 690 4444 antem
703 4377 897 4446 Gaialordus
913 4403 931 4446 e
945 4381 1092 4467 margine
1107 4401 1145 4446 ca
1159 4380 1340 4464 inrepsisse.
1386 4377 1479 4452 Quod
1496 4383 1569 4443 utut
1585 4385 1635 4444 est
1649 4377 1703 4464 (of.
1720 4376 1875 4444 Flachius
1886 4377 1968 4443 Viol.
1984 4397 2015 4462 p.
2029 4375 2117 4463 103),

196 4477 295 4544 verba
326 4501 440 4547 manca
473 4504 544 4548 esse
576 4483 729 4552 videntur
757 4491 853 4573 atque
881 4509 918 4552 ex
950 4485 1113 4574 Stephano
1139 4486 1219 4572 Byr.
1250 4487 1292 4572 (1.
1319 4485 1460 4572 θούριοι)
1489 4487 1535 4552 sic
1564 4485 1629 4550 fere
1658 4483 1851 4571 supplenda:
1882 4481 2046 4573 [Θούριοι
2077 4482 2116 4546 δὲ

195 4585 312 4662 πόλις
334 4586 519 4666 Ἰταλίας,
544 4589 603 4676 ἦιι
616 4589 643 4681 ς]
666 4592 818 4678 πρότερον
834 4619 862 4658 κ.
879 4619 907 4658 τ.
924 4601 951 4659 λ.
997 4594 1059 4660 Sed
1075 4597 1142 4660 iam
1157 4597 1318 4681 epitomen
1334 4595 1416 4660 hanc
1431 4591 1536 4658 labem
1553 4594 1751 4658 contraxisse
1766 4611 1879 4676 parum
1895 4590 2042 4658 credibile
2056 4597 2116 4656 eat.

195 4692 268 4758 Iam
292 4697 447 4780 quattuor
467 4703 594 4764 restant
616 4697 817 4786 documenta,
840 4697 958 4789 quibus
972 4699 1190 4768 firmissimum
1204 4708 1333 4768 nostrae
1348 4700 1526 4768 sententiae
1540 4697 1686 4764 adfertur
1701 4698 1910 4786 praesidium:
1935 4699 1971 4787 1)
1992 4698 2033 4764 ln
2049 4697 2117 4764 rita

195 4821 222 4864 a.
247 4800 499 4880 Πολύευκτος
522 4829 614 4886 sempe,
645 4806 761 4871 τούτου
786 4807 893 4892 ύρᾶμύ
916 4809 1004 4872 ἐστιν
1023 4807 1187 4890 Ἡνίοχος,
1216 4807 1260 4886 ὥς
1283 4807 1453 4894 Ἀθήναιος
1476 4807 1511 4869 ἑν
1535 4809 1635 4869 osne.
1659 4828 1755 4892 φησιν
1777 4805 1862 4871 Eud.
1886 4804 2046 4870 Suidae
2069 4806 2117 4868 in·

196 4907 299 4990 eptias
321 4946 366 4957 -
388 4911 633 4980 transformarit
655 4936 771 5000 nempe
792 4921 920 5001 poetam
944 4917 1098 4982 comicum
1120 4917 1154 4980 in
1177 4915 1319 4981 fabulam
1342 4916 1547 4998 vicissimque
1570 4911 1711 4978 fabulam
1733 4915 1766 4978 in
1785 4913 1937 4978 comicum
1960 4949 2005 4962 —
2027 4931 2116 4996 repe·

194 5013 258 5080 tiit.
304 5015 374 5082 Nec
396 5023 504 5103 potest
526 5017 645 5086 Suidae
668 5020 782 5108 glossa
803 5043 845 5089 ex
867 5022 1037 5090 Athenaeo
1059 5024 1164 5110 petita
1186 5021 1230 5087 ad
1251 5021 1405 5107 Hcsycbii
1427 5023 1670 5106 epitomatorem
1692 5019 1805 5086 reterri
1827 5019 1941 5106 (aliter
1962 5017 2115 5084 Flachiua

194 5141 227 5205 p.
252 5127 294 5187 98
317 5145 349 5186 n.
376 5131 404 5207 1,
428 5131 462 5192 et
483 5125 569 5192 Viol.
593 5147 625 5212 p.
650 5130 741 5214 599),
773 5131 891 5218 quippe
913 5131 970 5216 qui
991 5127 1195 5196 Heniochi
1219 5167 1261 5178 -
1284 5130 1312 5194 is
1335 5133 1403 5194 erat
1425 5133 1520 5214 poeta
1541 5165 1586 5176 -
1609 5129 1711 5192 vitam
1734 5147 1877 5192 seorsum
1899 5123 2113 5210 descripserit.

197 5229 233 5314 t)
261 5251 288 5294 s.
314 5229 538 5320 Φιλόσοφος
569 5231 686 5301 Suidae
718 5235 844 5302 librarii
871 5236 988 5302 lemma
1021 5237 1174 5313 Φιλιππος
1199 5235 1392 5313 Ὀπούντιος,
1422 5232 1507 5321 quod
1536 5237 1675 5319 epitoma
1704 5232 1902 5318 praestabat,
1930 5231 2113 5298 litterarum

193 5335 405 5404 similitudine
427 5338 550 5407 inducti
573 5343 785 5432 neglexerunt
807 5344 864 5430 (ci.
884 5341 1085 5430 Bernhardyi
1107 5341 1199 5428 adn.;
1222 5351 1256 5408 at
1279 5345 1336 5408 vix
1359 5341 1534 5429 probabilis
1558 5348 1607 5406 est
1628 5337 1754 5406 l'lachii
1777 5339 1882 5426 opinio
1906 5359 1936 5424 p.
1962 5343 2002 5402 99
2026 5359 2058 5402 n.
2084 5345 2113 5421 1,

192 5449 227 5507 et
249 5443 333 5510 Viol.
364 5467 395 5532 p.
428 5448 517 5534 730).
563 5447 686 5515 Eadem
721 5449 839 5519 lacuna
870 5453 905 5517 in
935 5450 1078 5518 Violario
1109 5453 1263 5518 cernitur.
1310 5449 1347 5534 3)
1375 5471 1402 5514 s.
1432 5447 1596 5534 Χείρων,
1628 5446 1847 5531 Kf'vwvevtn
1876 5444 2040 5528 imiimi
2071 5443 2112 5507 ‘ll'

190 5551 280 5614 ἐπῶν
303 5551 358 5639 (ef.
373 5553 526 5622 Flaehiua
548 5575 580 5640 p.
605 5563 646 5622 39
670 5580 703 5622 u.
728 5557 763 5646 2)
786 5557 824 5623 Ε.
848 5579 914 5624 una
937 5579 1009 5626 eum
1023 5557 1124 5624 Sulda
1137 5556 1269 5624 Hesiodi
1291 5577 1417 5623 cumen
1434 5553 1595 5639 Χείρωνος
1619 5554 1777 5640 ὑποθῆκαι
1802 5554 1928 5620 neurim
1953 5551 2112 5637 ὑποθῆκαι

190 5655 326 5723 Chironi
349 5658 519 5726 falsissime
541 5659 720 5749 adscripsit,
751 5664 879 5750 qualem
903 5685 1043 5730 errorem
1065 5683 1142 5729 cave
1164 5664 1198 5728 in
1220 5663 1416 5748 Hesychium
1438 5663 1624 5746 transieras,
1655 5665 1710 5748 qui
1733 5685 1773 5728 ne
1795 5665 1964 5747 conposuit
1985 5659 2111 5746 quidem
