4990 6456
1183 573 1221 630 19

233 781 281 847 Μ.
296 803 328 845 u.
345 786 398 863 33,
424 785 488 844 180
504 801 535 844 n.
552 777 598 864 3).
644 779 694 844 liu
717 779 800 844 enirn
823 778 859 844 in
880 781 1025 864 margine
1046 778 1142 846 huius
1165 778 1258 846 lexici
1281 777 1357 846 olim
1381 779 1539 855 extitisse,
1558 776 1619 842 ‘sed
1641 797 1719 842 casn
1743 775 1881 862 quodam
1903 775 2074 864 deperiisse
2090 779 2159 842 veri

233 887 339 953 simile
360 892 419 952 cet.
466 885 696 970 Lysimachum
720 891 830 950 autem
855 883 909 972 (cl.
931 883 1087 952 Plachius
1110 907 1141 970 p.
1166 893 1207 951 66
1230 891 1297 950 not.
1323 885 1356 972 1)
1380 883 1476 950 illum
1499 882 1698 969 Ογτοιιοοοω
1721 904 1790 948 esse
1813 885 1870 949 vix
1893 881 2082 950 crediderim
2105 883 2159 970 (uf.

233 994 374 1059 Vossius
398 991 437 1058 de
460 992 545 1058 Hist.
570 991 629 1058 Gr.
654 997 717 1056 464
740 989 806 1074 W,
832 991 982 1056 Muelleri
1003 991 1041 1056 F.
1065 991 1107 1058 Η.
1132 991 1171 1060 G.
1196 993 1259 1074 ΠΙ,
1284 992 1393 1077 334⁴).
1407 992 1431 1078 ¹)

342 1122 368 1166 s.
389 1099 592 1176 Ἑκαταῖος
615 1099 836 1183 Μιλήσιος,
859 1100 899 1164 cf.
923 1117 1020 1183 supra
1035 1123 1067 1188 ps
1085 1108 1136 1164 11.
1161 1098 1264 1174 Quam
1279 1100 1382 1164 vitam
1397 1097 1435 1162 Ε.
1452 1096 1622 1182 descripsit
1637 1097 1754 1162 οιοίοοο
1768 1097 1966 1164 adumatiore
1981 1103 2160 1184 temporum

234 1207 360 1291 notitia,
393 1205 535 1272 admissa
563 1211 672 1272 tamma
700 1205 876 1272 falsissima
903 1209 1087 1272 narratione
1117 1206 1273 1290 ἀκουστὴς
1305 1203 1458 1288 δ’ἑγένετο
1489 1202 1748 1288 Πρωταγόρου
1771 1203 1786 1268 ὅ
1809 1203 2003 1280 Ἑκαταῖος
2034 1202 2159 1290 (Suid.:

233 1312 298 1377 καί
321 1307 359 1396 ήν
382 1315 413 1377 d.
438 1315 479 1380 ll.
496 1311 593 1400 aa),
617 1313 668 1378 cui
690 1312 734 1378 nil
757 1315 956 1380 succurritur
972 1312 1168 1396 Πυθαγόρου
1187 1310 1380 1398 reponendo.
1425 1309 1465 1375 Id
1489 1331 1566 1376 vero
1589 1311 1623 1375 iu
1646 1311 1818 1396 propatulo
1841 1319 1893 1377 est
1914 1310 1956 1375 ab
1980 1311 2031 1376 his
2053 1308 2162 1376 verbis

231 1441 351 1486 novum
376 1418 477 1484 ordiri
499 1419 620 1484 fontem
642 1438 743 1504 aeque
765 1425 863 1504 atque
885 1419 927 1484 ab
950 1419 1193 1504 insequentibus
1217 1427 1341 1503 πρῶτος
1366 1416 1450 1482 δέ...
1483 1415 1555 1491 Qua
1577 1439 1613 1483 re
1635 1417 1799 1503 pensitata
1828 1416 1885 1482 illa
1912 1441 1930 1482 e
1958 1421 2063 1503 priore
2091 1419 2162 1484 vita

233 1549 257 1592 s.
285 1526 443 1602 Ἐιαιαῑος
472 1526 670 1611 Ἀβδηρίτης,
701 1525 920 1614 φιλόσοφος
951 1548 1119 1612 perperam
1148 1526 1210 1592 huc
1239 1527 1374 1592 traiecta
1405 1545 1474 1590 esse
1503 1525 1634 1589 conieci.
1680 1522 1873 1609 Quanquam
1902 1545 1943 1588 ue
1974 1526 2002 1590 is
2034 1523 2160 1610 quidem

233 1635 430 1719 Protagorae
453 1631 628 1718 discipulus
651 1638 761 1718 potest
782 1633 959 1698 nominari:
989 1655 1064 1698 naui
1088 1631 1211 1716 γέγονεν
1233 1632 1286 1697 ἐπί
1309 1642 1373 1696 τῶν
1398 1631 1560 1712 διαδόχων
1584 1629 1713 1718 (Scia).
1760 1631 1824 1697 Sed
1848 1633 1876 1695 si
1898 1631 1983 1698 hunc
2005 1638 2038 1696 et
2060 1629 2161 1715 philo

234 1740 368 1828 sophum
392 1746 425 1806 et
447 1739 645 1824 Protagorae
667 1739 855 1825 popularem
878 1740 977 1804 fuisse
1000 1741 1183 1806 memineris
1206 1740 1262 1827 (cf.
1285 1739 1452 1824 Rceperus
1475 1739 1498 1802 l.
1522 1737 1546 1802 l.
1569 1738 1613 1816 H,
1638 1745 1657 1802 3
1683 1737 1754 1825 sq),
1781 1761 1878 1825 quam
1901 1737 1993 1804 facile
2014 1738 2160 1803 homines

233 1847 372 1913 litterati
394 1848 546 1912 artiorem
568 1848 655 1912 inter
675 1851 847 1931 utrumque
864 1867 1021 1912 conexum
1036 1846 1156 1932 fingere
1172 1849 1339 1930 potuerint
1353 1847 1573 1932 persentisces.
1620 1844 1775 1910 Videmus
1790 1847 1893 1932 igitur
1907 1847 2055 1910 notitiam
2071 1845 2161 1912 illam

233 1975 252 2018 a
274 1952 505 2018 remstion'hus
528 1952 671 2018 lontibus
695 1973 764 2018 esse
787 1951 1004 2030 derivandam,
1029 1973 1125 2038 quam
1140 1951 1255 2018 Suidas
1278 1955 1347 2019 sive
1364 1952 1545 2038 Hesychius
1562 1951 1656 2016 alteri
1672 1952 1837 2018 Hecataeo
1853 1951 1964 2018 leviter
1979 1952 2160 2018 tribuerint.

340 2080 365 2124 s.
392 2058 609 2143 θεοδέκτης
632 2059 946 2144 Ἀριστάνδρου·
975 2059 1057 2125 hanc
1079 2059 1221 2146 glossam
1244 2059 1282 2124 Ε.
1311 2062 1430 2126 iterum
1459 2057 1603 2124 eSuida
1629 2057 1796 2142 delibavit,
1828 2059 1884 2123 sed
1911 2061 1959 2124 ita
1985 2064 2023 2123 ut
2051 2081 2071 2124 a
2099 2058 2162 2124 fine

232 2165 273 2230 ad
306 2166 434 2232 initium
468 2166 608 2249 redierit,
639 2189 678 2232 ne
705 2166 763 2231 illa
791 2169 887 2232 nimis
916 2169 1133 2250 coarteretur3
1165 2168 1308 2252 itemque
1337 2169 1437 2232 vitam
1467 2187 1492 2230 s.
1523 2166 1674 2253 Ἰοφῶν,
1707 2165 1812 2251 quade
1843 2167 1983 2250 permira
2014 2163 2163 2232 edisserit

233 2272 387 2338 Plachins
411 2271 456 2359 (p.
481 2280 522 2338 68
546 2297 578 2338 u.
604 2274 649 2362 2).

342 2401 367 2443 s.
395 2379 583 2464 θεόδωρος
607 2385 637 2444 Γ
636 2380 822 2465 adaperit:
844 2381 901 2445 uhi
924 2383 1095 2467 pessimum
1119 2385 1322 2446 conmentum
1348 2378 1535 2455 διδασκαλος
1559 2382 1694 2463 γεγονώς
1716 2379 1860 2464 Τιβερίου
1877 2381 1913 2445 Κ.
1937 2378 2161 2466 ἑπίἏδρια-

234 2495 300 2550 voi
324 2525 367 2536 -
390 2507 450 2572 pro
481 2509 543 2572 quc
577 2487 694 2554 Snidns
724 2489 813 2554 infru
842 2489 1018 2553 rectissime
1050 2489 1181 2574 praebet
1211 2486 1265 2550 ἐντί
1285 2488 1455 2570 Ἀδριανοῦ
1486 2489 1523 2552 K.
1555 2487 1571 2552 i
1605 2486 1704 2564 υἱὸς..
1738 2489 1942 2572 συγκλητικὸς
1972 2487 2095 2570 ἐγένετο
2118 2525 2161 2537 --

233 2593 386 2660 Plachius
410 2593 457 2680 (p.
482 2600 523 2658 69
548 2601 614 2660 not.
640 2593 674 2681 1)
696 2593 737 2658 ad
761 2593 860 2660 alium
885 2593 931 2683 (λ)
955 2595 1074 2660 fontem
1097 2593 1224 2660 rettulit
1246 2595 1304 2678 (cf.
1330 2595 1426 2660 etiam
1439 2594 1525 2660 Viol.
1550 2593 1599 2660 ed.
1623 2617 1655 2680 p.
1680 2597 1771 2684 372).
1818 2595 1881 2662 Sed
1901 2595 1940 2661 Ε.
1963 2595 2027 2660 illis
2043 2593 2162 2661 Snidae

231 2702 340 2766 verbis
364 2709 483 2766 δοωοτο
505 2703 661 2787 inspectis
683 2707 793 2767 uotam
815 2699 869 2764 ἐπί
889 2703 975 2785 Ἀδρ.
1000 2700 1131 2767 relicuie
1154 2701 1314 2787 neglectis
1337 2723 1410 2767 cum
1433 2704 1549 2767 aetatis
1572 2700 1759 2767 defiuitione
1782 2707 1892 2768 statim
1916 2701 2088 2788 copulavit

341 2829 367 2872 s.
393 2808 560 2892 Ζήνων..
585 2808 768 2885 Κιτιεύς,
792 2808 846 2873 ubi
870 2810 905 2873 in
920 2807 1027 2874 verbis
1043 2808 1203 2892 ἐπεκλήθη
1219 2807 1253 2871 δὲ
1269 2807 1323 2872 καί
1338 2809 1453 2884 αιἰτὸς
1470 2807 1603 2884 στωικός
1619 2809 1685 2874 ucli
1700 2831 1772 2875 curn
1789 2809 1991 2875 Volkmanno
2015 2807 2163 2894 (Queat.

232 2935 305 2978 nov.
329 2936 361 2999 p.
386 2913 443 2998 IV,
466 2937 498 2979 n.
524 2916 559 3001 1)
581 2913 776 3002 Flachicque
798 2916 845 3003 (p.
871 2916 929 3002 69)
951 2914 1120 2980 emendare
1143 2923 1286 2998 πρῶτος·
1314 2937 1390 2979 num
1421 2916 1506 2981 hisce
1538 2917 1722 3002 relegamur
1750 2915 1791 2980 ad
1814 2915 1972 2981 Zenonem
1996 2914 2163 2981 Sidonium

233 3021 287 3104 qui
310 3023 415 3106 praeit
441 3022 668 3108 philosophum
691 3025 769 3088 item
792 3025 938 3089 stoicum.

341 3148 368 3191 s.
392 3127 660 3213 Πυθαγόρας,
684 3148 781 3214 quam
805 3131 907 3194 vitam
929 3127 968 3192 Ε.
992 3130 1027 3193 in
1050 3129 1272 3194 brevissimam
1297 3128 1431 3193 formam
1454 3127 1596 3216 redegit;
1620 3128 1719 3196 verba
1739 3137 1846 3194 autem
1870 3121 1907 3210 ἦν
1933 3129 1965 3192 δὲ
1981 3128 2034 3192 ιἰιί
2048 3130 2162 3214 Ἀρτα-

232 3233 348 3318 ξέρξου
371 3273 415 3282 -
438 3233 481 3309 ὡς
505 3234 686 3320 προείρηται
710 3238 827 3302 ueteris
850 3236 999 3320 ignorata
1021 3257 1062 3300 ex
1086 3235 1261 3320 Porphyrii
1283 3239 1354 3301 vita
1376 3235 1594 3322 Pythagorae,
1620 3259 1714 3324 quam
1743 3236 1860 3302 mutila
1890 3235 2074 3302 condicione
2097 3257 2164 3301 ser·

231 3349 343 3406 vatam
365 3363 436 3406 esse
458 3348 587 3407 constat
610 3341 665 3428 (cf.
689 3339 836 3407 Rchdius
858 3341 941 3408 llus.
965 3342 1028 3406 Rh.
1053 3365 1084 3406 n.
1110 3349 1162 3420 33,
1188 3347 1252 3407 205
1277 3365 1308 3408 n.
1334 3343 1381 3429 1),
1405 3365 1613 3429 promanasse
1637 3343 1800 3410 videntur.

342 3468 368 3511 s.
393 3448 625 3532 Φοινικίδης
659 3448 758 3514 verba
789 3455 946 3534 conrupta
978 3471 995 3514 e
1023 3447 1188 3514 Suidiauis
1221 3449 1267 3516 nic
1298 3449 1492 3537 ccnrigcnda
1523 3455 1617 3517 sunt:
1656 3452 1876 3533 Μισούμινος,
1911 3449 1954 3527 ὡς
1979 3451 2163 3534 Ἀθήναιος.

231 3553 357 3620 Flachii
380 3576 455 3620 vero
479 3557 620 3621 rationes
643 3555 688 3643 (p.
709 3561 747 3619 71
766 3577 796 3620 n.
815 3555 851 3641 2)
874 3577 939 3620 non
954 3556 1124 3640 adsequor.
1170 3555 1241 3620 Iam
1258 3577 1371 3622 rursus
1386 3560 1538 3622 convenit
1552 3558 1712 3624 Eudcciae
1727 3581 1799 3623 cum
1815 3556 2028 3623 deterioribus
2043 3555 2161 3623 Suidae

232 3659 435 3727 Athenaeum
460 3661 652 3746 conpilentis
667 3662 761 3728 libris
784 3661 957 3750 (Μισουμέ
963 3685 1008 3746 νη
1023 3663 1101 3744 AV,
1118 3661 1198 3728 Ath.
1215 3661 1307 3740 XIV,
1325 3669 1388 3728 652
1405 3663 1436 3740 d,
1454 3664 1710 3744 Μισουμὲνοας
1726 3663 1793 3747 ΒΕ,
1812 3665 2044 3746 Μισοὺμενος
2061 3663 2162 3752 cett).

341 3789 368 3832 s.
393 3767 524 3832 (λλίλων
548 3769 722 3851 Βύβλιος
745 3771 778 3834 in
808 3768 872 3834 fine
899 3768 1036 3834 adnotat
1058 3765 1098 3834 E.
1126 3769 1233 3852 γέγονε
1267 3770 1300 3832 δὲ
1331 3767 1386 3831 καί
1413 3767 1530 3846 λἰτιατος
1560 3771 1632 3856 παρ’
1663 3771 1774 3848 αὐτοῦ,
1804 3791 1885 3857 quac
1914 3771 2013 3837 verba
2041 3769 2165 3835 nullius

231 3875 298 3940 lere
322 3877 420 3961 pretii
443 3883 521 3942 snut
544 3883 656 3962 utpote
684 3897 701 3941 c
725 3875 889 3942 Snidianis
922 3874 970 3942 ὅτι
1001 3873 1120 3952 ductor
1150 3875 1275 3959 γέγονεν
1303 3875 1319 3942 ὁ
1345 3875 1449 3940 miae
1471 3877 1622 3962 Ἐρέννιος
1645 3878 1859 3964 χρηματίσας,
1888 3877 1931 3954 ὡς
1961 3877 2057 3953 αὐτός
2086 3901 2161 3965 φησι

232 3983 347 4046 misere
369 3979 506 4048 conflata
534 3983 588 4068 (ci.
612 4003 637 4047 s.
665 3981 848 4070 θεόδωρος).
894 3983 962 4048 Nec
986 3985 1072 4048 euim
1094 3981 1238 4068 adparet,
1263 3985 1334 4069 quis
1358 3985 1457 4050 luerit
1478 3983 1533 4049 ille
1562 3987 1674 4051 consul
1707 4007 1843 4073 quemve
1864 3985 2041 4070 respiciant
2063 3984 2166 4050 verba

233 4087 308 4172 παρ’
332 4087 430 4152 αὐτοῦ
456 4087 656 4175 (Hadrianus
672 4097 758 4156 certe
771 4089 918 4176 intellegi
937 4091 993 4155 vix
1009 4093 1161 4179 poterit);
1185 4089 1303 4156 Susidae
1319 4113 1396 4156 vero
1412 4093 1553 4178 ineptum
1570 4096 1789 4160 narrationem
1804 4116 1821 4158 e
1837 4093 1947 4180 glossa
1962 4113 1988 4158 s.
2004 4091 2162 4175 Ἐρέννιος

232 4195 265 4282 (ri
291 4195 434 4260 Φιλων..
455 4197 605 4281 Ἐρέννιος
630 4200 746 4284 χρημ.)
769 4205 804 4264 et
826 4220 843 4263 e
865 4198 975 4263 verbis
998 4219 1079 4284 quae
1101 4196 1296 4264 antecedunt
1318 4195 1522 4285 (ὕπατον.
1548 4203 1687 4285 Σεβήρον
1711 4203 1765 4263 τὸν
1786 4199 1980 4283 Ἑρέννιον
2004 4225 2161 4284 χρημα-

233 4302 406 4366 τίσαντα
429 4329 457 4367 κ.
481 4327 509 4368 τ.
533 4306 576 4393 λ.)
599 4304 822 4372 indoctissima
844 4325 941 4370 manu
964 4306 1106 4372 auctoris
1129 4305 1247 4371 Severo
1269 4303 1353 4370 idem
1377 4326 1553 4391 cognomen
1576 4307 1675 4372 fuisse
1697 4305 1981 4373 animadvertentis
2005 4307 2162 4372 coaluisse

232 4412 380 4495 suspicor
410 4409 564 4498 (ceterum
596 4411 669 4477 vide
698 4414 744 4477 sis
766 4409 939 4478 Flachinm
968 4436 1000 4499 p.
1028 4422 1065 4478 71
1092 4435 1123 4478 u.
1150 4414 1194 4498 1).
1241 4410 1331 4478 Unde
1361 4411 1500 4498 denique
1523 4413 1563 4478 Ε.
1592 4413 1719 4480 titulum
1746 4412 1972 4499 διαγράμματα
2001 4413 2104 4496 βιβλία
2131 4414 2158 4476 δ

232 4517 378 4582 hauserit
400 4539 450 4582 me
475 4518 602 4603 quidem
623 4519 724 4606 fugit3
748 4520 873 4604 qualem
896 4519 1025 4605 quidem
1048 4518 1168 4584 librum
1191 4517 1359 4584 Philonem
1383 4521 1607 4603 conscripsisse
1630 4519 1724 4586 valde
1747 4519 1867 4586 diffido.
1878 4521 1907 4608 2)

340 4624 387 4689 At
410 4629 533 4690 ceterae
555 4625 654 4690 ferme
677 4645 786 4692 omnes
808 4629 992 4694 notationes
1016 4647 1097 4711 quas
1120 4625 1274 4692 Flachius
1305 4627 1467 4713 congessit
1496 4647 1568 4692 cum
1592 4627 1754 4693 Suidianis
1782 4635 1850 4694 tam
1880 4631 1958 4692 mire
1987 4628 2161 4694 concinunt

232 4767 278 4778 —-
293 4731 357 4795 uisi
380 4729 465 4817 qnod
480 4731 519 4796 Ε.
541 4731 606 4797 alia
627 4735 737 4798 omisit
757 4733 821 4798 aha
843 4736 877 4798 in
898 4733 1083 4798 breviorem
1106 4733 1241 4798 formam
1264 4731 1391 4818 redegit
1405 4771 1459 4810 -,
1477 4739 1514 4798 ut
1528 4732 1568 4798 de
1584 4731 1685 4799 Suida
1699 4743 1831 4802 auctore
1845 4734 1966 4820 ambigi
1981 4732 2162 4819 nequeatl)

233 4834 284 4902 Ac
307 4836 454 4904 similiter
475 4837 532 4903 illa
551 4837 637 4904 huuc
652 4839 822 4906 manifesto
838 4839 1007 4925 descripsit
1022 4839 1120 4925 idque
1136 4841 1264 4925 saepius
1281 4860 1394 4925 parum
1409 4838 1581 4926 diligenter
1596 4844 1631 4905 in
1645 4841 1766 4928 glossis
1781 4841 1887 4908 hisce:
1911 4863 1937 4906 s.
1952 4841 2161 4916 Ἀπολλώνιος

232 4941 294 5020 ἕνα,
319 4943 478 5028 Πίνδαρος
500 4946 569 5031 (ap.
586 4943 717 5012 Snidam
733 4967 804 5013 cum
820 4945 850 5011 V
864 4967 1001 5032 reponas
1016 4946 1122 5029 βιβλία
1137 4967 1197 5031 pro
1212 4947 1247 5009 ἐν
1270 4946 1413 5029 βιβλίοις,
1437 4947 1475 5013 cf.
1496 4953 1603 5032 Βτογρ.
1627 4971 1658 5034 p.
1683 4955 1736 5033 98,
1758 4950 1830 5036 43),
1854 4948 2026 5024 Λύσιππος
2050 4947 2102 5036 (Ε.
2120 4945 2160 5011 de

233 5070 293 5114 suo
315 5048 439 5116 addidit
461 5052 607 5136 τραγικός
629 5075 687 5138 pro
711 5053 867 5134 κωμικός)
891 5061 1065 5140 utrumqne
1081 5053 1171 5120 deest
1189 5075 1240 5140 ap.
1258 5051 1375 5141 said),
1401 5054 1556 5130 Φίλιππος
1580 5082 1672 5136 κωμ.,
1698 5056 1849 5139 Φιλήμων
1872 5053 2057 5143 (κωμῳδιλις
2073 5055 2161 5117 ἐννε-

235 5369 253 5424 d
289 5369 325 5424 ffi
344 5281 364 5352 1)
382 5280 462 5424 ἔσσο
474 5281 607 5340 Flschius
625 5281 709 5354 (Viol.
723 5281 789 5339 edit
803 5302 829 5355 p.
844 5285 909 5354 231)
927 5285 1085 5357 Σύμμαχον
1101 5284 1142 5354 (λ)
1160 5281 1286 5338 coniecit.
1323 5284 1366 5337 Au
1385 5281 1459 5338 forte
1474 5284 1673 5358 Ἰαιόμαχον
1691 5299 1827 5357 reponere
1839 5289 1967 5355 praestat
1984 5282 2161 5354 (ctvossius

255 5383 270 5424 c
318 5370 363 5424 'st
406 5371 501 5426 accc
519 5371 597 5441 W.)?

309 5545 325 5600 d
344 5457 367 5528 ²)
384 5460 428 5512 An
445 5459 516 5515 haec
534 5461 621 5516 verba
639 5477 654 5516 e
673 5460 727 5517 fine
746 5461 859 5532 glossae
878 5462 891 5516 I
917 5478 940 5517 s.
963 5447 1152 5538 Φιλόστρατος
1177 5463 1264 5532 (fliam
1283 5466 1427 5531 σοφιστῶν
1446 5462 1482 5517 ἐν
1500 5467 1647 5535 βιβλίοις
1666 5466 1700 5530 δ,
1729 5462 1987 5540 ἐπιγράμματα)
2014 5476 2161 5532 perperam

234 5546 290 5600 huc
328 5555 425 5602 etrusc
443 5549 530 5603 suut?

344 5636 365 5779 3)
383 5635 460 5705 Quae
478 5637 612 5694 Flachius
639 5641 676 5709 (p.
697 5639 728 5694 il
751 5641 806 5709 sq.)
829 5641 863 5696 de
885 5639 1020 5712 Hesychii
1045 5639 1104 5696 sira
1124 5639 1226 5698 Suidae
1250 5639 1334 5696 lexici
1359 5639 1431 5697 libro
1457 5643 1645 5712 manuscripto
1671 5643 1838 5700 coniectarit
1861 5639 1932 5697 adeo
1958 5647 2100 5710 vagantur,
2129 5647 2163 5695 ut

236 5731 332 5780 tacere
363 5741 410 5782 ere
427 5735 564 5798 precem.

1967 5838 1999 5893 3*
