4990 6456
1308 517 1350 574 10

365 730 394 792 Γ
388 723 550 812 ρηγοριύα)
570 723 640 790 1188
655 725 718 792 1188
732 721 912 790 8188188818
926 721 1037 805 nolim,
1060 723 1145 809 quod
1159 727 1245 790 11881
1259 725 1390 791 alterins
1406 721 1606 790 Athenodori
1622 723 1766 809 glossam
1781 745 1862 810 quae
1878 725 2043 810 praecedit
2057 727 2120 813 (=
2138 725 2298 794 Philostr.

363 833 429 898 Vit
453 831 552 917 88811.
574 831 620 914 Π,
647 832 705 916 14)
725 832 775 896 ita
797 829 878 896 hano
901 829 1056 914 peculiari
1078 833 1205 898 auctori
1227 834 1338 898 nescio
1360 834 1414 898 881
1434 831 1475 896 Ε.
1497 829 1612 896 debere
1636 829 1774 913 videtur,
1797 833 1861 896 uisi
1881 831 1964 898 forte
1987 855 2028 898 ex
2052 832 2099 918 gl.
2124 837 2153 898 Γ
2147 833 2299 918 ρςρὸριος

361 939 393 1025 (ὁ
417 937 471 1002 καὶ
495 937 668 1024 θεάὸωρος)
699 935 783 1004 11181
816 936 971 1003 indicium
993 937 1089 1023 petiit
1111 959 1232 1024 suoque
1254 939 1363 1005 Marte
1396 937 1440 1003 ad
1461 939 1596 1003 11811881
1626 937 1764 1004 rettulit.
1809 939 1895 1003 Dein
1917 939 1951 1002 in
1973 939 2017 1025 gl.
2041 961 2067 1004 s.
2089 941 2300 1028 Ἀντιφῶν

363 1046 463 1112 umba
486 1045 737 1108 διδασκάλου
759 1044 886 1127 λόγων
909 1042 1136 1128 ῥητορικῶν
1159 1051 1233 1130 post
1256 1047 1402 1132 Σαφιλου
1424 1042 1550 1110 adiecta
1572 1065 1637 1107 una
1660 1063 1732 1108 cum
1755 1044 1917 1108 18181818
1943 1043 2053 1131 glossa
2081 1047 2198 1132 (verba
2220 1057 2299 1114 tan·

362 1152 529 1220 tummodo
552 1145 625 1236 ἦρξε
643 1151 676 1214 δὲ
692 1189 736 1200 «-
752 1157 926 1216 Λεοντῖνον
949 1155 983 1216 81
1004 1149 1127 1229 λέγεται
1152 1150 1185 1213 δὲ
1199 1189 1243 1200 -
1260 1153 1448 1228 διδάσκαλος
1471 1171 1544 1216 888
1567 1148 1668 1218 Suida
1689 1153 1889 1216 concinentia
1911 1171 1951 1216 ax
1976 1151 2036 1218 hoc
2057 1155 2180 1220 inserta
2201 1165 2298 1225 aunt.

363 1261 396 1334 id
409 1259 494 1349 quod
505 1283 570 1325 non
581 1261 664 1324 satis
676 1257 821 1324 adtendit
832 1257 983 1322 11888188
995 1278 1026 1340 p.
1040 1263 1084 1322 20
1098 1257 1223 1324 etViol.
1233 1259 1282 1324 81.
1293 1282 1324 1346 p.
1338 1265 1413 1340 100,
1424 1258 1480 1344 qui
1490 1255 1652 1341 Hesydrio
1663 1258 1750 1324 iusto
1761 1259 1893 1322 nimium
1903 1258 2032 1346 tribuit)
2041 1281 2084 1324 cx
2092 1260 2299 1329 Philostrato

362 1364 755 1455 (1188888188
770 1365 1002 1448 transscripsit.
1047 1363 1200 1449 Sequitur
1214 1365 1324 1451 glossa
1339 1387 1363 1429 8.
1380 1364 1665 1448 Διοσκοράάης,
1681 1367 1715 1428 in
1730 1385 1795 1450 qua
1809 1362 2063 1430 additamentum
2077 1369 2295 1446 βατανικός

364 1477 452 1564 (8881
473 1471 844 1559 ἰαιρός)1188188118881
866 1468 1026 1556 estquod
1050 1469 1279 1538 consideretur.
1326 1471 1494 1538 Undeuam
1515 1471 1583 1538 tale
1604 1469 1681 1557 quid
1705 1470 1765 1536 illa
1787 1470 1970 1557 acceperit?
2006 1472 2076 1538 Iam
2100 1475 2298 1542 11188818-

364 1577 652 1666 1181118881(881(1,
677 1579 706 1661 I,
732 1585 828 1660 1403,
853 1575 1124 1662 8818888188
1147 1577 1326 1644 sublinere
1349 1579 1395 1664 gl.
1424 1577 1518 1662 88ρὶ
1538 1584 1763 1661 βοτανικῆς
1790 1577 1943 1644 exhibere
1966 1579 2086 1646 881188
2106 1581 2295 1648 Ρ8118188111

362 1687 449 1776 8881
462 1689 699 1773 Brequignium
721 1707 752 1770 p.
782 1693 819 1750 17
844 1683 967 1770 (quode
989 1683 1063 1750 vide
1085 1685 1229 1750 eiusdem
1251 1686 1388 1771 praelat.
1410 1685 1452 1750 ad
1467 1683 1557 1752 8811.
1580 1708 1612 1771 p.
1629 1683 1839 1771 LXXXIX):
1861 1707 1967 1751 88888
1987 1689 2091 1772 igitur
2112 1691 2297 1756 coniectare

363 1800 399 1862 18
421 1802 573 1882 promptu
596 1791 838 1858 8888188188
861 1791 944 1856 hanc
965 1791 1066 1877 ipsam
1090 1791 1237 1857 notitiam
1260 1793 1443 1878 amplexam
1466 1790 1666 1858 Dioscuridis
1690 1791 1798 1856 studia
1820 1813 1899 1857 voce
1920 1792 2086 1872 βοτανικὸς
2107 1794 2296 1862 adcuratius

363 1901 564 1970 delineasse‘?
598 1899 662 1965 Sed
686 1898 821 1964 81181188
844 1897 993 1984 progredi
1015 1898 1134 1964 licebit.
1181 1899 1310 1964 Dudum
1327 1900 1411 1964 enim
1427 1899 1627 1966 intellectum
1642 1907 1692 1964 est
1707 1897 1886 1985 conpluries
1901 1899 2100 1966 8818818888
2116 1903 2297 1987 scripturas

363 2033 436 2078 cum
458 2008 673 2076 deterioribus
697 2005 817 2073 Snidae
840 2005 945 2090 libris,
968 2009 1141 2091 praecipue
1165 2027 1236 2070 cum
1254 2005 1294 2069 iis
1318 2002 1402 2070 unde
1425 2007 1547 2089 primae
1569 2003 1727 2070 editiones
1743 2004 1841 2070 lexici
1863 2015 2096 2091 promanarunt
2119 2010 2235 2074 mirum
2258 2015 2296 2076 18

365 2117 494 2184 modum
516 2113 707 2181 concordare
730 2113 788 2198 (81.
812 2113 1000 2178 Nitaschius
1022 2112 1043 2176 1
1067 2111 1090 2176 1.
1115 2119 1156 2176 43
1180 2111 1255 2197 sq.),
1287 2133 1350 2196 qua
1379 2109 1508 2196 quidem
1532 2131 1566 2176 re
1590 2109 1708 2176 Suidae
1735 2111 1769 2174 in
1792 2111 1915 2177 Violeti
1941 2113 2089 2178 811188118
2115 2121 2295 2183 8881811188

363 2223 450 2290 haud
472 2221 676 2287 mediocriter
698 2218 874 2284 stabilitur.
921 2216 1015 2292 Quod
1039 2221 1145 2284 888818
1166 2239 1208 2284 88
1232 2218 1353 2284 181188
1378 2239 1505 2303 quoque
1527 2217 1637 2303 glossa
1659 2217 1866 2284 statuendum
1890 2221 1944 2302 sit,
1968 2223 2003 2284 18
2026 2211 2091 2306 qua
2106 2227 2296 2290 recentioris

363 2331 442 2398 libri
462 2328 716 2394 additamentum
738 2326 780 2392 ab
802 2325 948 2390 Eudocia
971 2363 1011 2372 -
1028 2327 1082 2390 vix
1106 2327 1277 2410 quisquam
1300 2325 1339 2390 de
1361 2323 1607 2409 interpolatione
1631 2323 1790 2410 cogitabit
1804 2363 1848 2372 —
1864 2331 2027 2410 receptum
2050 2349 2119 2392 esse
2142 2329 2295 2396 11118188.

365 2438 430 2505 881
452 2437 550 2524 88818
579 2434 743 2500 difficilius
775 2441 825 2500 est
855 2431 1041 2514 diiudicare,
1073 2432 1217 2499 881811.
1243 2455 1269 2498 8.
1294 2432 1528 2515 Δημοκήδης
1561 2433 1711 2498 notitiam
1743 2433 1870 2514 ἰατρικὰ
1903 2433 2008 2514 βιβλία
2042 2435 2136 2499 δέκα
2169 2437 2295 2524 (88111

363 2549 448 2630 ιάτρ.
471 2542 607 2628 βιβλίον)
629 2541 850 2626 desumpserit,
882 2560 978 2625 quam
1000 2538 1042 2603 ad
1065 2539 1224 2625 pleniores
1247 2539 1364 2605 881188
1387 2537 1489 2604 libros
1511 2539 1629 2604 referre
1654 2538 1770 2622 nolim3
1799 2541 1895 2604 immo
1924 2543 1958 2604 iu
1990 2543 2068 2608 11118
2098 2551 2132 2609 81
2162 2547 2294 2631 seriptis

365 2653 557 2718 medicorum
579 2649 635 2714 alii
658 2650 776 2734 partim
798 2648 884 2732 iique
906 2646 1003 2732 paulo
1027 2645 1190 2712 uberiores
1215 2647 1320 2711 lentes
1343 2643 1506 2712 Eudociae
1528 2647 1723 2731 suppetiisse
1746 2646 1904 2724 ridentur,
1934 2647 1969 2712 id
1991 2649 2075 2734 quod
2107 2649 2250 2738 conligas
2276 2675 2294 2716 8

364 2759 482 2846 glossis
505 2779 531 2822 s.
553 2753 783 2840 Ἀριστογένης,
799 2754 973 2836 Ἄψυρτος,
994 2753 1137 2839 Ῥοῦφος,
1167 2753 1369 2829 Σαλούστιος,
1399 2775 1457 2818 888
1479 2751 1607 2817 Flachii
1637 2751 1756 2818 iudicio
1785 2753 1953 2820 subscribo
1981 2756 2021 2842 (l.
2045 2755 2066 2820 l.
2090 2780 2122 2844 p.
2148 2759 2205 2844 64)
2234 2763 2294 2844 qui

365 2866 541 2932 Eudociam
563 2861 760 2928 medicorum
782 2883 915 2946 parvam
938 2881 1014 2947 prae
1029 2859 1128 2924 Suida
1151 2859 1301 2926 habuisse
1323 2860 1478 2926 rationem
1500 2858 1673 2926 contendit.
1721 2858 1832 2934 Quid?
1855 2861 1940 2946 quod
1963 2863 2062 2930 uerba
2084 2887 2110 2930 s.
2134 2865 2295 2939 Ἀναξά-

365 3002 387 3054 μ
398 2997 443 3036 αν
454 2979 543 3056 ὁρος
560 2969 765 3057 φιλόσοφος..
785 2969 822 3030 od
836 2969 902 3051 μὴν
919 2969 995 3030 ἀλλὰ
1012 2965 1066 3030 καί
1080 2977 1204 3052 πρῶτος
1219 2967 1372 3050 ἐτόλμησε
1391 2969 1447 3050 τὴν
1463 2965 1649 3049 οἰκουμένην
1664 2967 1699 3028 ὲν
1715 2965 1819 3028 πίνακι
1838 2967 1970 3050 γράψαι,
1993 2970 2150 3036 81818818
2167 2971 2296 3058 1811881,

365 3080 404 3146 Ε.
420 3103 437 3146 8
453 3078 576 3144 11881111
599 3075 659 3163 (ΙΙ,
685 3075 719 3162 2)
742 3074 849 3140 verbis
871 3071 925 3136 κατ’
939 3083 995 3157 γῆς
1011 3071 1065 3136 καί
1081 3073 1247 3157 θαλάσσης
1264 3073 1450 3156 περίμετρον
1466 3082 1592 3158 πρῶτος
1608 3071 1746 3156 ἔγραψεν
1762 3076 1859 3138 istum
1874 3075 1908 3138 in
1924 3073 2054 3142 1881881
2069 3079 2295 3146 conformavit.

474 3202 582 3268 Unum
603 3199 710 3266 adhuc
732 3205 880 3283 superest
901 3199 1086 3283 exemplum
1109 3219 1135 3264 s.
1160 3203 1194 3262 X
1200 3199 1369 3280 οιράλος,
1394 3197 1498 3284 quode
1520 3196 1672 3263 Flachius
1695 3199 1741 3284 (p.
1765 3205 1807 3262 45
1831 3198 1894 3286 sq.)
1918 3199 2075 3284 prolixius
2098 3201 2292 3288 disputavit,

365 3311 413 3376 ita
443 3317 553 3375 188188
585 3317 623 3374 81
651 3307 780 3392 placitis
808 3307 878 3372 eius
908 3304 1099 3392 adstipulari
1128 3327 1295 3392 nequeam.
1341 3303 1414 3380 Qua
1441 3307 1477 3368 in
1509 3304 1617 3390 glossa
1646 3303 1787 3372 Choerili
1816 3307 1959 3371 carmina
1989 3329 2009 3372 8
2038 3307 2138 3374 88118
2168 3331 2295 3376 888818-

367 3411 744 3502 1881818(ἢἈ118ναάον
768 3410 837 3496 υάιη
859 3415 938 3476 κατά
956 3413 1086 3496 Ξέρξου,
1110 3411 1268 3492 Λαμιακά
1294 3409 1351 3500 [1])
1376 3410 1534 3477 Eudociae
1557 3415 1758 3498 ignorantur,
1783 3435 1865 3498 qnae
1888 3412 1967 3480 18118
1982 3417 2092 3500 881188
2107 3416 2295 3502 profundit:

366 3523 484 3608 ἔγραψε
515 3523 548 3586 δὲ
576 3523 744 3596 ἐπιστολάς
774 3521 888 3596 πολλάς
918 3519 973 3584 καί
998 3519 1225 3600 ἐπιγράμματα
1252 3517 1306 3582 κατ’
1334 3517 1504 3604 κωμῳὸάας
1534 3517 1584 3602 (8.
1609 3517 1750 3584 breviter
1772 3517 1879 3584 addit:
1909 3520 1963 3584 xci
1991 3521 2069 3584 ἄλλα
2102 3525 2171 3586 τινά
2203 3524 2295 3607 18ιὴ-

366 3658 452 3712 ματα
476 3632 574 3694 αὐτοῦ
598 3628 752 3716 φέρεται).
797 3628 888 3694 18181
910 3628 989 3694 haec
1011 3628 1131 3712 scripta
1153 3623 1333 3692 comoedias
1354 3635 1440 3691 certe
1461 3647 1480 3689 8
1502 3631 1597 3710 88818
1623 3628 1714 3710 88188
1735 3646 1866 3710 prorsus
1889 3625 2062 3694 abhorrere
2083 3629 2152 3695 lnoe
2176 3630 2296 3696 clarius

367 3747 418 3806 est
450 3737 604 3824 (ceterum
635 3736 674 3802 cf.
697 3735 818 3802 Naekii
840 3734 976 3800 Choeril.
1009 3757 1040 3820 p.
1065 3742 1118 3818 58,
1152 3741 1213 3800 101
1245 3733 1340 3819 sqq.).
1387 3731 1451 3800 Sed
1475 3731 1628 3798 Flachius
1661 3737 1765 3798 totam
1791 3730 1951 3798 Eudociae
1982 3739 2154 3819 permiram
2186 3759 2295 3803 narra-

367 3850 485 3913 tionem
517 3867 557 3910 ex
589 3844 656 3910 alia
689 3839 826 3928 quadam
859 3843 927 3908 vita
958 3863 1126 3927 perperam
1158 3842 1220 3907 huc
1251 3842 1414 3906 invectam
1445 3861 1516 3904 esse
1548 3841 1685 3904 coniecit
1716 3839 1766 3904 his
1796 3838 1902 3904 tribus
1933 3843 2030 3907 nixus
2061 3845 2294 3928 notationibus,

367 3974 502 4040 quarum
525 3949 744 4017 condicionem
767 3949 831 4012 iam
855 3947 952 4031 paulo
979 3946 1178 4013 enucleatius
1205 3948 1400 4033 aperiamus:
1434 3947 1468 4032 1)
1490 3968 1517 4010 a.
1535 3945 1663 4022 Ἳαιιυς
1688 3945 1733 4032 (8.
1760 3952 1824 4011 399
1848 3945 1916 4034 11.)
1946 3949 2033 4034 8881
2061 3957 2233 4038 utrumque
2260 3956 2294 4017 in

368 4061 432 4126 1188
446 4059 574 4145 glossae
589 4056 690 4122 verba
703 4044 795 4130 οὗτος
811 4063 935 4134 πρῶτος
951 4051 1070 4137 ἔγραψε
1087 4051 1253 4140 παρῳὸάαν
1269 4052 1322 4118 καί
1337 4053 1524 4136 χωρι8μι1ον
1548 4051 1585 4138 (1.
1602 4051 1804 4140 8818811881)
1820 4053 1967 4120 18111118
1982 4055 2295 4142 818888881818188,

369 4187 452 4253 quae
466 4163 508 4230 ad
523 4165 717 4250 superiorem
739 4183 766 4226 s.
779 4160 939 4233 Ἱιιιιῶναξ
953 4162 1114 4244 pertinere
1128 4163 1191 4226 iam
1206 4160 1366 4226 Kustsrus
1381 4161 1557 4245 perspexit.
1603 4157 1694 4233 Quae
1710 4162 1781 4226 uita
1795 4165 1945 4246 qnoniam
1957 4162 2093 4228 Violarii
2109 4162 2179 4230 loco
2195 4165 2294 4231 multo

368 4272 518 4337 inferiore
540 4271 586 4357 (p.
611 4269 690 4356 405)
713 4269 818 4354 888118
832 4275 891 4344 est,
915 4266 1090 4334 Eudociam
1106 4265 1225 4332 Suidae
1240 4265 1413 4332 articulum
1429 4265 1642 4350 depravatum
1659 4264 1840 4350 conpilasse
1855 4269 1926 4352 quis
1941 4273 1991 4332 est
2007 4271 2086 4354 quin
2101 4269 2296 4336 concludat?

368 4379 435 4444 Nec
458 4375 629 4442 Flaohium
661 4373 697 4462 (1.
720 4374 744 4439 1.
767 4397 798 4460 p.
823 4373 880 4460 45)
903 4373 939 4438 id
961 4372 1092 4460 effugit3
1123 4379 1158 4439 at
1180 4371 1436 4440 Endocianorum
1461 4393 1605 4438 errorum
1629 4370 1750 4437 —sed
1779 4393 1878 4438 unum
1907 4377 2018 4440 notavi
2041 4375 2227 4460 χοιράιμβον
2250 4419 2292 4428 -—

367 4485 492 4552 ratione
514 4481 629 4548 habita
649 4481 738 4548 illam
762 4481 996 4548 conclusionem
1018 4487 1208 4567 aspernatus
1231 4478 1272 4544 ad
1296 4478 1412 4546 Suidue
1435 4479 1533 4544 verba
1554 4477 1628 4546 labe
1651 4477 1776 4544 adfecta
1795 4478 1957 4546 Eudociae
1978 4481 2118 4568 glossam
2141 4505 2237 4550 manu
2259 4488 2294 4550 18

369 4592 458 4677 peius
490 4587 693 4654 emendatrici
725 4587 986 4654 adconmodatum
1018 4609 1086 4652 esse
1115 4586 1177 4652 sibi
1207 4586 1376 4671 persuasit.
1423 4583 1496 4659 Qua
1523 4588 1556 4650 18
1584 4587 1829 4652 ratiocinatione
1855 4587 1937 4653 falsa
1966 4591 2114 4674 opinione
2141 4589 2291 4677 deceptus

368 4703 429 4764 est.
475 4697 560 4762 Nam
581 4697 616 4759 in
638 4693 867 4781 gravissimum
890 4715 1030 4760 errorem
1053 4696 1158 4780 ipsum
1175 4692 1307 4758 Suidam
1329 4712 1400 4758 esse
1422 4689 1589 4758 inductum
1613 4691 1739 4758 ostendi
1763 4691 1822 4774 „de
1837 4692 1871 4760 8.
1886 4694 1938 4760 b.“
1964 4717 1995 4780 p.
2016 4705 2068 4760 11.
2113 4697 2197 4763 Dein
2221 4703 2292 4785 quia

367 4801 498 4870 tandem
520 4799 562 4866 ad
585 4801 684 4868 talem
707 4801 871 4886 confugiet
894 4802 1118 4886 suspitionem,
1142 4811 1178 4864 ut
1194 4797 1354 4864 Eudociae
1377 4799 1477 4864 verba
1499 4819 1519 4862 a
1541 4797 1658 4864 lectore
1681 4799 1763 4864 male
1778 4807 1925 4868 conrecta
1940 4823 2009 4868 esse
2024 4805 2155 4870 sumat?
2200 4805 2292 4870 Eius·

369 4909 456 4976 modi
478 4908 574 4974 homo
595 4907 681 4972 omni
703 4913 808 4974 mente
832 4909 915 4973 18181
937 4905 1131 4973 destitutus!
1178 4906 1293 4992 Itaque
1323 4905 1384 4972 hac
1412 4926 1509 4972 88888
1530 4911 1600 4972 1818
1622 4905 1749 4972 Flachii
1771 4910 1933 4974 sententia
1963 4907 2066 4976 denuo
2090 4911 2293 4980 uehementer

368 5015 590 5082 labefactatur.
638 5013 672 5100 1)
695 5013 807 5100 Neque
822 5013 917 5079 aliter
933 5011 1040 5080 iudico
1055 5013 1094 5079 18
1109 5011 1220 5101 glossa
1234 5035 1260 5078 8.
1277 5011 1451 5092 Σιμμίας
1467 5012 1513 5099 (8.
1531 5013 1621 5098 619),
1645 5011 1749 5100 quade
1765 5013 1908 5080 88818188
1924 5018 2190 5084 conmentationis
2206 5041 2291 5086 81888

369 5144 401 5206 p.
427 5131 480 5186 11.
527 5119 595 5186 Ubi
617 5119 684 5186 noli
707 5142 780 5186 8881
802 5119 935 5188 Flaohio
959 5120 998 5206 (1.
1022 5119 1060 5206 1.)
1092 5123 1210 5186 8118118
1237 5119 1392 5205 originem
1420 5118 1496 5186 inde
1523 5126 1668 5206 repetere
1697 5119 1782 5206 quod
1810 5120 1913 5188 lector
1941 5123 2049 5189 888818
2076 5128 2133 5211 qni
2155 5125 2296 5208 Σιμμίας

369 5251 484 5295 nomen
507 5249 565 5314 pro
589 5248 666 5292 voce
683 5230 861 5320 Σιμωνίᾴης
884 5247 985 5312 eaque
1008 5247 1066 5312 per
1089 5224 1301 5311 conpendium
1317 5233 1450 5292 8881818
1465 5225 1615 5292 habuerit
1639 5226 1794 5315 (ceterum
1810 5229 1977 5315 8118118).
2023 5233 2062 5317 3)
2084 5231 2167 5298 1881
2183 5237 2296 5320 utique

369 5333 411 5398 ad
435 5331 949 5418 881188818881881181818818
971 5331 1124 5398 videntur
1146 5331 1247 5397 verba
1267 5329 1397 5418 glossae
1420 5355 1446 5398 s.
1470 5333 1657 5416 Στράτων
1683 5341 1747 5419 pil.
1771 5335 1877 5421 inepte
1905 5336 2079 5404 subiuncta
2110 5339 2165 5404 κατ’
2191 5339 2295 5424 ἕτερος

369 5441 530 5518 Ἀμασεὺς
546 5438 718 5527 φιλόσοφος
735 5466 763 5502 κ.
781 5465 808 5502 τ.
825 5447 851 5504 1.
877 5438 930 5525 (81.
947 5438 1060 5504 Flaoh.
1076 5436 1372 5526 1181818813),
1397 5459 1478 5525 qnae
1493 5439 1680 5506 nominibus
1697 5441 1848 5524 Στράβων
1862 5448 1897 5508 81
1912 5444 2061 5528 Στράτων
2077 5447 2217 5514 conlusit
2232 5447 2295 5514 hnc

370 5549 541 5612 8888881888
564 5551 812 5613 consentaneum
835 5553 893 5612 est.
939 5543 1012 5620 Qua
1032 5545 1185 5612 181811.
1209 5545 1238 5609 81
1259 5544 1500 5630 Hesychianam
1522 5550 1686 5632 epitomen
1708 5545 1909 5616 adhibuisset
1930 5552 2135 5620 manifestum
2158 5575 2297 5620 81181881

374 5655 429 5716 vix
457 5650 647 5718 admisisset.
694 5650 757 5716 Sed
780 5651 908 5717 omnino
936 5652 1016 5718 haec
1045 5655 1109 5718 tria
1137 5649 1286 5737 exempla
1315 5671 1430 5718 causas
1459 5673 1540 5737 quaa
1569 5659 1660 5719 extat
1691 5654 1725 5718 in
1753 5654 1799 5740 gl.
1826 5655 1972 5738 Χυιρυλος
2001 5659 2130 5726 minime
2159 5659 2298 5726 confinia
