4990 6456
1292 546 1334 603 70

343 751 489 834 sineres,
512 748 601 815 Suid.
626 773 655 812 κ.
678 749 774 832 πρὸς
797 749 835 825 εἴ,
859 747 944 836 quod
959 749 1140 816 lleinskius
1160 751 1341 818 emendavit
1356 777 1384 814 x.
1403 751 1427 828 ξ
1446 753 1543 834 πρὸς
1559 748 1611 836 q';
1636 749 1660 828 ζ’
1679 755 1791 814 autern
1805 747 1892 834 apud
1906 745 2043 813 Snidam
2058 747 2276 822 interciderat

344 856 428 922 unde
450 856 488 921 Ε.
518 855 665 922 voculam
694 855 772 938 πρός
795 855 880 920 nult
907 855 1104 923 intellectam
1134 859 1266 946 omisit),
1295 857 1447 934 Ἐπίνικος
1478 858 1634 944 (κωμικὸς
1664 857 1799 938 ἀρχαῖος
1830 852 1938 942 [immo
1965 854 2058 944 νέος]1
2090 854 2180 922 Snid.
2205 854 2280 918 ui

343 964 465 1038 αὐτὸς
481 989 509 1025 κ.
524 962 577 1048 [ci.
592 959 652 1044 „de
663 961 696 1028 S.
709 961 761 1026 b.“
775 960 864 1051 4101,
880 960 965 1048 quod
980 961 1019 1028 ll.
1035 966 1149 1030 inscite
1164 965 1337 1052 contexit),
1352 966 1532 1045 Ἀμμώνιος
1554 961 1792 1053 (φιλόσοφος
1807 961 1824 1026 ὁ
1841 961 2035 1041 καλούμενος
2051 961 2280 1046 Ἀλέξανδρος

343 1069 382 1134 Ε.
406 1092 427 1136 e
447 1070 515 1136 vita
536 1067 719 1156 philosophi
740 1066 780 1132 ad
802 1071 1052 1156 grammaticum
1074 1069 1267 1160 aberravit),
1292 1073 1487 1152 Πτολεμαῖος
1503 1069 1519 1136 ὃ
1535 1071 1805 1154 Ἀριστονιλιου...
1828 1068 1900 1152 περὶ
1924 1077 1987 1132 τῶν
2010 1071 2095 1152 παρὰ
2121 1077 2187 1133 τῶν
2203 1095 2279 1133 τιοτ-

343 1185 428 1260 ητῶν
451 1175 584 1264 (Bitu)
608 1175 842 1260 ἱστορουμένων
865 1175 1025 1260 (pleniora
1044 1176 1164 1244 Suidne
1186 1178 1286 1244 verbs
1309 1181 1348 1241 τὰ
1372 1181 1458 1262 παρὰ
1483 1187 1524 1265 τῷ
1550 1188 1684 1265 ποιητῇ
1708 1177 1765 1268 [sc.
1778 1175 1919 1267 Ὁμήρῳ]
1943 1175 2067 1253 Εένως
2083 1175 2279 1260 ἱστορημένα

342 1283 387 1350 ab
409 1283 554 1350 Eudocis
583 1303 649 1348 non
679 1283 760 1349 estis
789 1283 955 1350 intellecta
981 1283 1134 1350 mutilata
1165 1287 1269 1370 sunt),
1301 1285 1451 1368 Ἀμάτιος
1480 1287 1639 1372 (servavit
1667 1285 1706 1350 Ε.
1729 1283 1849 1350 Suidse
1878 1285 2044 1368 errorem),
2077 1283 2234 1368 Διόδωρος
2259 1281 2279 1346 ὁ

348 1389 520 1472 Οὐαλέριος
541 1389 643 1477 (λέξιν
664 1389 719 1454 ἐστ’
740 1393 928 1474 uenerem
951 1389 1043 1456 Snid.
1068 1400 1154 1458 recte
1177 1391 1274 1469 λέξιν,
1297 1395 1433 1475 γεγονώς
1454 1391 1509 1456 e'ni
1531 1401 1586 1457 τοῦ
1603 1392 1695 1458 Καιλτ.
1711 1393 1778 1466 'ed-3
1801 1395 1835 1458 in
1846 1391 1933 1458 Viol.
1956 1398 2031 1478 post
2054 1391 2136 1467 λέξιν
2159 1389 2280 1456 distin·

346 1497 512 1584 guaudnm
534 1497 622 1577 erit).

1228 1817 1334 1904 eaput
1357 1818 1404 1888 n.

346 1999 410 2104 lie
435 1995 615 2128 aliquot
641 1994 747 2101 ritis
774 1994 824 2099 iu
849 1995 1018 2127 quibus
1038 1995 1229 2102 Violnrii
1256 2029 1361 2103 cum
1388 1995 1530 2104 Suidn
1555 2027 1804 2103 censerem
1830 1996 2031 2101 maxime
2057 1997 2277 2104 cernitur.

454 2222 684 2310 Progredimnr
706 2223 747 2288 ed
762 2223 924 2290 Eudooiae
948 2225 1074 2311 glossas
1097 2228 1271 2293 nonnullas
1294 2228 1413 2314 quibus
1433 2235 1527 2294 tanta
1543 2249 1614 2294 cum
1630 2225 1791 2292 Suidianis
1807 2229 2019 2312 congruentia
2034 2227 2277 2313 aequalitusqne

345 2331 526 2410 intercedit,
550 2339 588 2396 nt
610 2333 680 2398 iure
702 2333 828 2396 mireris
843 2331 1010 2398 Fiachium
1032 2333 1089 2418 qni
1111 2356 1152 2399 ex
1168 2335 1325 2420 Hesychii
1347 2338 1486 2419 epitoma
1500 2334 1575 2400 illas
1590 2333 1778 2418 profluxisse
1793 2334 1939 2398 evincere
1953 2339 2088 2398 constns
2102 2335 2147 2398 sit
2169 2336 2216 2422 (p.
2233 2341 2276 2400 tc

344 2443 421 2526 ορ.)
456 2439 489 2524 1)
512 2439 551 2504 In
574 2438 684 2524 glossa
706 2459 770 2524 qua
793 2440 879 2504 varii
899 2437 1173 2522 Ἱπποκράτης
1196 2449 1402 2507 recensentur
1424 2441 1655 2526 discrepantiae
1671 2441 1755 2506 inter
1769 2447 1940 2526 utrumqne
1955 2446 2020 2506 tarn
2037 2442 2174 2528 exiguae
2188 2449 2275 2523 suut,

346 2553 384 2614 ut
398 2553 512 2612 notatu
528 2545 582 2610 vix
606 2544 723 2632 dignae
745 2544 917 2612 videantur
939 2545 1039 2632 (quod
1055 2546 1143 2612 Snid.
1160 2551 1292 2614 tertium
1307 2549 1539 2634 Hippocratem
1554 2555 1649 2614 vocnt
1663 2545 1790 2630 ἔγγονον
1802 2545 1835 2610 Ἰ.
1860 2554 1926 2611 τοῦ
1949 2545 2163 2630 δευτέρου,
2186 2547 2220 2612 id
2235 2547 2275 2614 de

346 2653 545 2739 Hippocrate
559 2657 664 2716 aetate
679 2648 827 2734 secundo,
852 2672 946 2736 quem
962 2659 1069 2720 temen
1085 2657 1151 2740 pri
1161 2677 1218 2720 mo
1234 2653 1304 2722 loeo
1320 2655 1475 2738 hoderit,
1499 2654 1645 2740 intellegi
1661 2652 1775 2731 voluit,
1799 2654 1852 2720 oui
1866 2651 1994 2740 quidem
2010 2655 2128 2720 reticui
2141 2654 2180 2719 E.
2196 2656 2277 2720 satis

347 2760 423 2826 fecit
445 2756 614 2824 scribendo
637 2756 864 2841 προτέρου).
910 2759 946 2843 7)
969 2781 995 2824 s.
1019 2761 1211 2842 Πολέμων
1235 2760 1350 2846 ῥήτωρ,
1373 2783 1469 2848 quem
1492 2763 1593 2828 vitam
1616 2767 1692 2846 post
1706 2759 1881 2826 Endooiem
1896 2779 1914 2824 e
1930 2758 2030 2826 Suida
2045 2759 2276 2846 locupletatam

345 2887 415 2932 csse
438 2872 552 2952 suopte
574 2864 734 2931 arbitratu
757 2867 898 2950 sumpsit
919 2865 1071 2934 Flsohius
1094 2891 1126 2954 p.
1152 2876 1192 2934 73
1216 2868 1320 2956 (Vici.
1343 2891 1375 2954 p.
1401 2869 1492 2950 590).
1538 2869 1576 2954 3)
1598 2889 1625 2932 s.
1649 2865 1864 2948 Σίβυλλαι,
1887 2866 1928 2932 cf.
1953 2887 2038 2932 nnnc
2053 2867 2215 2932 liasssius
2237 2865 2277 2930 de

346 2972 462 3058 Sibyll.
479 2970 576 3037 indic.
593 2971 718 3057 Gryph.
737 2977 835 3056 1879,
857 2995 887 3058 ρ.
905 2979 946 3037 55
963 2979 996 3038 et
1011 2996 1043 3038 n.
1062 2983 1137 3040 117.
1183 2976 1218 3061 4)
1242 2997 1268 3040 s.
1286 2976 1579 3058 Φιλόστρατοι.·
1600 2973 1680 3040 'hes
1696 2973 1891 3040 Philostrati
1906 2971 1993 3058 apud
2007 2970 2140 3038 Suidam
2156 2975 2278 3058 puriter

345 3085 444 3166 atque
466 3079 501 3144 in
513 3078 653 3144 Violario
669 3079 717 3144 its
731 3077 879 3164 dispositi
894 3085 981 3158 sunt,
1005 3088 1044 3147 ut
1059 3082 1200 3148 omnium
1215 3082 1440 3150 nobilissimus
1457 3084 1513 3168 qui
1527 3083 1612 3148 vitus
1628 3080 1845 3167 sophistarum
1860 3081 2052 3164 conscripsit
2067 3081 2207 3165 primurn
2222 3079 2278 3145 ob·

346 3189 449 3252 timeat
471 3184 583 3252 locum.
591 3185 616 3272 ¹)
660 3185 729 3251 Sub
751 3185 847 3252 finem
870 3209 948 3252 vero
971 3187 1066 3252 huius
1090 3191 1178 3256 vitae
1192 3188 1311 3256 Snidas
1333 3189 1486 3256 adnotet:
1510 3188 1590 3272 πλὴν
1614 3196 1738 3270 πρῶτος
1762 3185 1878 3274 ὁφειλει
1895 3191 2023 3250 κεῖσθαι
2038 3209 2046 3226 ·
2062 3183 2278 3268 Φιλόστρατος

345 3295 521 3376 ὁτιρῖιιος.
566 3292 618 3356 Ex
643 3299 820 3377 temporum
844 3294 945 3379 igitur
966 3295 1146 3361 rationibus
1170 3297 1255 3362 hunc
1277 3298 1384 3382 ipsum
1406 3299 1441 3361 in
1461 3297 1567 3362 fronte
1597 3295 1765 3361 conlocare
1793 3293 1916 3376 debuit,
1948 3292 2076 3380 qualem
2105 3292 2217 3358 sedem
2245 3295 2278 3360 ei

345 3421 529 3468 concessere
552 3397 820 3464 Westermnnnns
843 3407 876 3466 et
899 3399 1081 3466 Bekkerus.
1127 3401 1194 3468 Nec
1218 3411 1325 3469 nmen
1348 3403 1400 3470 his
1422 3403 1513 3470 licuit
1534 3423 1554 3468 a
1577 3401 1704 3488 volgari
1725 3399 1838 3467 ordine
1864 3400 2012 3465 recedere
2040 3421 2142 3487 ueqtm
2173 3402 2280 3487 magis

345 3507 477 3574 Flachio
500 3507 547 3593 (p.
572 3512 615 3571 74
640 3507 703 3592 sq.)
727 3505 767 3570 ad
790 3527 882 3572 suem
905 3509 1086 3593 opinionem
1110 3509 1303 3576 fulciendam
1326 3515 1450 3576 mutato
1473 3507 1585 3574 ordine
1609 3509 1681 3574 niti.
1726 3505 1791 3572 Sed
1813 3505 1897 3572 illud
1920 3509 2078 3574 incertum
2101 3515 2161 3584 est,
2193 3507 2280 3574 hunc

346 3621 455 3682 ntrum
473 3613 507 3680 S.
531 3613 759 3678 instauraverit
781 3633 823 3677 sn
844 3613 887 3680 ab
902 3614 1057 3700 Hesychii
1080 3619 1288 3701 epitomatore
1311 3617 1467 3684 treditnm
1490 3614 1661 3702 amplexus
1676 3617 1729 3681 sit
1776 3614 1889 3700 Atque
1904 3613 1964 3680 hoc
1979 3612 2118 3680 alterum
2134 3615 2279 3678 evenisse

346 3743 461 3788 censeo
484 3727 617 3806 propter
639 3721 711 3806 ipss
733 3719 789 3786 ille
811 3720 909 3786 verbu
933 3725 1012 3806 πλὴν
1035 3731 1160 3806 πρῶτος
1175 3749 1204 3785 κ.
1221 3749 1249 3786 τ.
1265 3731 1304 3801 1.,
1328 3745 1411 3810 quse
1434 3743 1549 3809 parum
1570 3727 1649 3808 apte
1663 3721 1812 3804 fuissent,
1836 3717 1998 3786 siSuidas
2012 3721 2082 3804 ipse
2095 3718 2279 3806 glossarum

346 3829 462 3894 seriem
486 3827 683 3893 invertisset.
730 3827 770 3891 In
793 3825 1029 3916 Onometclcgo
1052 3851 1128 3894 vero
1150 3829 1369 3896 Philostratos
1392 3832 1473 3894 κατὰ
1498 3827 1635 3913 χρόνους
1659 3830 1759 3894 tuisse
1786 3827 1927 3914 digestos
1957 3825 2073 3892 docent
2096 3825 2197 3891 verbe
2225 3825 2282 3890 κατ’

347 3936 443 4012 αὐτὸς
468 3933 613 4018 δεύτερος
637 3957 709 4020 unp.
734 3939 766 3998 et
790 3936 891 4018 πατὴρ
916 3945 972 4000 τοῦ
996 3937 1144 4020 δευτέρου
1162 3942 1232 4002 otri.
1255 3938 1297 4002 ab
1321 3941 1531 4023 epitomatore
1546 3935 1712 4020 Suidaque
1735 3934 1947 4000 comitanter
1961 3931 2161 4020 descripta.²)
2205 3931 2280 3999 Sui-

347 4040 420 4108 dam
444 4040 583 4126 denique
605 4037 769 4104 Eudociae
791 4037 902 4106 ducem
926 4041 1026 4108 inisse
1048 4045 1154 4108 omnis
1176 4047 1272 4132 signs
1299 4045 1449 4130 probant.
1472 4081 1516 4092 -
1538 4043 1577 4108 In
1607 4042 1712 4110 tribus
1741 4041 1896 4108 librorum
1924 4039 2046 4107 tabulis
2076 4039 2177 4106 multe
2208 4061 2280 4106 esse

239 4165 244 4174 ·
349 4147 542 4212 conturbata
564 4144 684 4211 dudum
706 4153 906 4232 perspectum
929 4155 979 4213 est
1001 4149 1056 4236 (ci.
1078 4149 1228 4216 Flachins
1251 4175 1281 4238 p.
1308 4153 1377 4237 74),
1399 4149 1439 4216 de
1462 4150 1579 4238 quibus
1601 4171 1707 4235 pauca
1727 4149 1880 4214 adiciam:
1903 4149 1931 4215 l.
1957 4147 2236 4232 Φιλόστρατος
2260 4145 2278 4210 ὁ

351 4255 547 4336 δεύτερος,
571 4255 624 4320 cui
646 4250 774 4332 μελέται
797 4255 920 4318 iniuria
939 4254 1041 4320 tribui
1056 4256 1215 4336 videntur,
1239 4278 1312 4324 cum
1327 4256 1414 4324 idem
1429 4257 1546 4324 titulus
1561 4259 1597 4322 in
1613 4257 1729 4324 ceteris
1743 4255 1869 4322 duabus
1883 4263 2030 4322 recurret
2052 4254 2155 4341 (tertii
2171 4252 2281 4319 Philo-

350 4360 444 4426 strati
466 4357 612 4440 μελέταις
635 4359 658 4422 ε’
684 4359 736 4424 vel
759 4363 889 4444 propter
912 4363 1038 4428 numeri
1060 4371 1167 4428 notam
1190 4363 1284 4430 fidem
1308 4363 1462 4450 derogare
1485 4363 1595 4447 nclirn,
1623 4364 1663 4430 cf.
1687 4362 1840 4428 Flsohius
1862 4385 1896 4449 p.
1921 4369 1963 4427 74
1984 4385 2017 4426 n.
2042 4363 2089 4448 7).
2135 4361 2220 4426 Dein
2243 4362 2279 4425 in

351 4466 445 4532 tinulo
470 4459 560 4548 αἶγας
585 4463 604 4550 ἢ
627 4465 699 4550 περ(
721 4467 832 4530 αὐλοῦ
857 4467 989 4534 emenda
1011 4470 1116 4554 αὐλῆς
1140 4471 1296 4558 (αὐλῶν),
1320 4471 1360 4538 oi.
1376 4469 1503 4554 Polli,
1527 4477 1602 4548 249,
1626 4469 1768 4554 Kayseri
1791 4471 1891 4554 prees.
1910 4468 1951 4536 ad
1966 4467 2120 4534 Philostr.
2136 4475 2203 4534 not.
2221 4475 2277 4532 85.

350 4571 396 4638 II.
423 4573 611 4656 Φιλόστρ.
645 4571 661 4637 ὅ
697 4583 851 4657 πρῶτος
859 4623 868 4651 ,
902 4577 995 4642 euius
1028 4575 1183 4642 librorum
1218 4578 1328 4644 tabule
1362 4599 1402 4644 ex
1440 4585 1631 4664 argumento
1669 4576 1840 4662 procedere
1878 4575 2019 4660 videtur,
2057 4596 2116 4660 pro
2153 4575 2275 4656 θεατὴν

350 4703 527 4766 proponam
549 4679 733 4764 θεατρικήν.
779 4681 879 4748 Ροττο
907 4683 942 4746 in
969 4681 1080 4769 glossa
1102 4684 1156 4748 111
1178 4683 1319 4771 retinges
1340 4687 1374 4761 ἐς
1397 4685 1494 4750 αὐτόν
1516 4707 1576 4771 pro
1596 4685 1646 4748 ἐπ’
1663 4683 1771 4750 αὐτόν.
1816 4683 1852 4770 5)
1874 4706 1902 4748 s.
1927 4685 2198 4762 Ilrotrpnr‘or:
2218 4681 2277 4748 has

350 4787 491 4872 quinque
513 4787 640 4872 glossas
663 4809 680 4852 e
703 4787 802 4852 Suida
824 4787 1008 4876 desumptas
1031 4809 1101 4856 esse
1124 4790 1178 4858 vel
1201 4790 1322 4857 ordinis
1344 4791 1524 4878 aequalitas
1547 4792 1667 4877 arguit.
1714 4788 1814 4876 Apnd
1836 4789 2035 4875 Hesychium
2056 4789 2198 4856 numeris
2223 4807 2278 4852 eas

350 4893 495 4979 signatus
518 4893 617 4958 fuisse
633 4893 789 4960 Flnchius
812 4893 857 4982 (p.
876 4896 933 4981 75)
957 4896 1098 4982 conlegit
1120 4919 1161 4963 ex
1176 4897 1339 4964 Eudcciae
1361 4921 1438 4966 voce
1461 4897 1619 4980 ττέμτιτοςς
1643 4897 1730 4964 idem
1753 4899 1901 4964 contexit
1922 4896 2007 4982 apud
2024 4893 2155 4962 eundem
2171 4895 2276 4978 ἕτερος

350 4999 441 5086 (ante
463 4999 606 5086 glossam
628 4999 693 5087 lv)
716 5001 751 5066 in
775 4999 933 5084 τέταρτος,
956 5002 1013 5068 sed
1034 5011 1163 5091 praeter
1185 5009 1427 5072 necessitatem:
1451 5007 1491 5072 Ε.
1515 5007 1601 5072 enim
1625 5011 1763 5073 utente
1785 5002 1957 5070 secundam
1978 5010 2013 5069 et
2032 5002 2161 5068 tertiam
2176 5003 2278 5068 vitem

350 5107 482 5173 uocibus
504 5107 609 5190 ἕτερος
632 5114 665 5173 et
686 5106 779 5183 ἄλλος
803 5107 965 5194 utebatur,
989 5111 1037 5176 ita
1058 5110 1142 5178 hanc
1166 5110 1319 5179 distinxit
1341 5135 1420 5178 voce
1443 5111 1559 5196 ἕτερος.
1604 5112 1748 5178 Exhibet
1768 5117 1875 5176 summ
1891 5108 1981 5176 Suid
1997 5111 2032 5174 in
2052 5112 2156 5196 prime
2170 5107 2275 5192 βιβλία

351 5213 378 5296 γ’
406 5211 467 5300 (sic
486 5214 617 5306 Baiias..
640 5213 698 5280 sed
719 5217 817 5280 ceteri
842 5215 899 5303 q'),
923 5215 962 5280 Ε.
985 5223 1016 5298 β.
1039 5217 1079 5294 ς’,
1103 5239 1196 5305 quem
1219 5241 1387 5286 nnmerum
1402 5241 1419 5284 e
1433 5221 1594 5305 scripture
1608 5218 1638 5305 q'
1664 5218 1876 5306 depravatum
1899 5238 1970 5282 esse
1987 5219 2109 5304 opinor.
2155 5215 2277 5284 Eadem

351 5321 386 5382 in
408 5325 525 5403 quarta
547 5318 657 5406 glossa
679 5320 871 5408 conpilanda
892 5326 1033 5408 turpiter
1055 5323 1148 5410 lapsa
1170 5332 1219 5392 est
1247 5327 1400 5414 (ceterum
1424 5326 1466 5392 cf.
1489 5324 1574 5390 Viol.
1603 5325 1652 5391 ed.
1682 5349 1713 5412 p.
1740 5325 1830 5412 601).
1877 5323 1912 5410 6)
1934 5345 1962 5389 s.
1989 5325 2215 5412 Εὖστὲφιος
2238 5323 2276 5388 Ε.

461 5603 485 5672 ¹)
502 5601 628 5658 Eundem
647 5603 762 5673 respicit
778 5603 878 5659 Suidss
898 5619 948 5660 seu
968 5604 1136 5674 epitomator
1155 5619 1179 5658 s.
1201 5605 1368 5680 Φρόντων..
1391 5607 1571 5682 Φιλοτιράτφ
1590 5611 1627 5684 τῷ
1647 5611 1756 5682 πρώτῳ.

459 5691 483 5758 ¹)
501 5693 599 5762 ltaque
617 5693 670 5748 hoc
689 5693 852 5749 documento
870 5701 968 5750 nostra
986 5695 1021 5751 de
1042 5693 1235 5764 Ononatoiogi
1254 5693 1350 5750 ordine
1368 5697 1508 5752 senentis
1526 5695 1617 5753 denuo
1637 5697 1771 5770 firmatur,
1790 5697 1824 5755 ei.
1846 5698 1897 5762 „de
1917 5698 1945 5754 S.
1964 5700 2007 5753 1.·
2028 5699 2083 5754 tos
2101 5713 2142 5766 sq.
