4990 6456
1134 582 1172 638 13

286 783 328 848 ln
350 783 461 870 glossa
482 783 587 869 priore
611 780 743 848 amum
766 781 980 850 Theodosium
1003 788 1264 858 mathematicum
1286 805 1358 850 oum
1380 785 1520 870 sceptico
1550 781 1731 850 confudisse
1757 781 1876 852 dudum
1905 791 2107 872 perspectum

174 898 230 956 est
261 889 318 976 (ef.
342 911 372 956 e.
393 911 426 974 g.
449 889 620 975 Menagius
646 890 680 954 in
703 889 815 956 Laert.
838 889 934 977 Diog.
958 892 1020 976 IX,
1046 903 1108 960 116
1137 903 1169 962 et
1192 895 1252 972 IX,
1277 893 1346 980 70).
1391 891 1527 956 Librum
1550 897 1658 957 autem
1688 893 1840 956 σκεπτικὰ
1869 891 2024 982 κεφάλαια
2051 891 2107 980 (ui.

174 997 290 1062 Laert.
309 995 371 1078 IX,
398 997 454 1083 70)
478 995 640 1062 Endociae
661 997 807 1082 ignotum
831 1000 924 1064 unice
946 999 979 1064 in
1003 999 1228 1088 philosophum
1251 1003 1422 1068 conremre
1444 1004 1550 1084 patetr
1578 1001 1670 1066 cuius
1697 1005 1923 1086 argumentum
1950 996 1990 1064 sd
2018 1017 2108 1086 prae·

176 1125 329 1190 gressum
352 1101 525 1186 δτιόμιημα
548 1103 594 1180 εἰς
618 1105 655 1166 τά
675 1104 775 1169 Oenea
800 1104 955 1192 κεφάλαια
978 1106 1080 1172 redire
1104 1109 1217 1176 merito
1241 1109 1357 1174 statuit
1374 1103 1602 1190 Bernhardyus
1626 1103 1679 1194 (oi.
1695 1105 1791 1172 etiarn
1806 1105 1934 1192 Mensg.
1950 1107 1984 1170 in
1999 1103 2107 1172 aare.

177 1211 240 1294 IX,
266 1211 356 1296 116).
403 1207 475 1284 Qua
497 1231 533 1275 re
554 1213 718 1296 pensitato
740 1217 913 1297 utrumque
935 1233 1018 1299 opus
1039 1235 1104 1280 non
1125 1214 1288 1282 diversum
1304 1214 1402 1278 fnisse
1417 1211 1574 1298 suspicari
1589 1209 1708 1280 licebit.
1753 1209 1846 1286 Quod
1862 1213 1891 1278 si
1905 1213 2106 1288 concesseris,

179 1317 223 1382 ad
240 1315 359 1383 Snidae
381 1315 645 1402 glossam'rerbe
666 1321 819 1382 σκεπτικὰ
844 1319 998 1406 κεφάλαια
1022 1341 1061 1386 ex
1078 1319 1212 1388 Laertio
1236 1341 1305 1388 esse
1328 1319 1492 1406 adscripta
1514 1317 1610 1384 facile
1631 1318 1694 1384 tibi
1717 1317 1920 1406 persuadeas.
1967 1317 2108 1386 Eudcuia

181 1447 271 1502 vero,
296 1426 444 1510 quamvis
465 1424 549 1490 dnos
571 1425 715 1492 homines
738 1426 849 1492 itidem
873 1427 1064 1508 confuderit,
1095 1447 1193 1515 opera
1215 1435 1325 1496 tamen
1356 1427 1533 1514 διαγραφὰς
1563 1425 1671 1490 οἰκιῶν
1701 1431 1734 1492 et
1765 1423 1839 1510 napi
1865 1423 2016 1510 οἰκήσειαν
2043 1445 2107 1490 non

181 1533 330 1598 emuncta
352 1533 457 1598 luisse
473 1531 635 1598 intellexit
657 1553 757 1619 saque
780 1536 877 1600 titulo
892 1535 1049 1623 Σφαιρικά
1073 1539 1184 1602 stetim
1207 1536 1372 1601 adnexuit.
1418 1535 1490 1599 Iam
1512 1535 1736 1620 praetermisso
1759 1531 1842 1602 libro
1866 1535 1922 1620 qui
1941 1533 2108 1600 interimet

180 1638 392 1722 άατρολαμκά
415 1637 535 1704 Snidae
557 1659 668 1704 rursus
691 1639 833 1706 ordinem
864 1643 978 1708 tenuit.
1023 1641 1201 1728 Utramque
1230 1663 1308 1708 roro
1339 1641 1482 1728 glossam
1511 1641 1553 1707 ah
1582 1641 1653 1726 ipsu
1674 1639 1820 1707 Eudocin
1848 1641 1882 1706 iu
1912 1660 2008 1706 unam
2036 1659 2108 1702 ooo·

181 1745 293 1810 fletam
317 1767 388 1812 esse
398 1747 422 1833 ¹)
453 1745 505 1810 vel
531 1746 607 1812 inde
635 1747 741 1814 elucet
772 1748 858 1834 quod
886 1749 1020 1814 alteram
1048 1751 1149 1816 vitam
1175 1750 1276 1836 priori
1304 1749 1459 1814 continuo
1482 1745 1668 1830 subiunxit,
1699 1745 1846 1812 notitiem
1875 1753 1983 1811 tamen
2011 1735 2048 1830 ἢν
2076 1743 2108 1810 δὲ

189 1851 385 1936 Τριααλάτης,
409 1855 560 1938 quoniam
583 1855 618 1918 in
641 1856 749 1938 priore
772 1858 896 1938 patriae
917 1875 1033 1920 nomen
1057 1855 1265 1933 desideratur,
1289 1855 1328 1920 ed
1351 1875 1451 1920 unurn
1476 1851 1688 1919 Theodosium
1711 1851 1851 1918 rettulit.

291 1960 324 2046 5)
349 1981 374 2024 s.
398 1959 622 2044 Ἰσοκράτης
644 1959 837 2040 Ἁμάκλα,
866 1965 959 2028 ouius
986 1965 1019 2027 in
1049 1964 1177 2049 scriptis
1208 1961 1409 2028 recensendis
1437 1961 1474 2026 Ε.
1504 1981 1582 2028 casn
1610 1961 1795 2026 accusativo
1822 1979 1881 2025 usa
1910 1965 1960 2026 est
1990 1961 2109 2026 omisso

178 2065 335 2132 vocabulo
358 2065 496 2150 ἔγραφεν
520 2067 657 2134 similive
680 2068 804 2155 (λόγους
829 2067 953 2158 nivem:
977 2091 1072 2156 quarn
1095 2069 1194 2135 libros
1218 2068 1513 2138 nundinationem
1537 2068 1691 2136 Flachius
1720 2067 1939 2152 (Nitnschium
1962 2065 2110 2152 secutur)

179 2176 392 2238 vetustiorem
416 2190 484 2238 esse
508 2195 605 2260 quam
620 2174 742 2241 Suidae
765 2183 961 2242 annotarem
985 2176 1054 2263 (καί
1075 2175 1157 2260 λόγοι
1184 2179 1284 2240 αὐτοῦ
1309 2174 1332 2240 ε’
1359 2199 1366 2216 ·
1391 2173 1663 2261 Ἀμφικττιωνικός
1686 2199 1714 2238 κ.
1739 2199 1766 2238 τ.
1791 2174 1833 2261 λ.)
1856 2173 2032 2240 arbitratus
2047 2171 2110 2240 Eu·

177 2279 291 2345 dooiaa
313 2279 485 2346 articulum
508 2283 664 2368 principis
688 2282 788 2348 fontis
810 2283 1030 2369 integritatem
1055 2307 1132 2370 prae
1156 2305 1189 2350 se
1209 2285 1291 2350 ferre
1308 2282 1483 2350 contendit.
1529 2281 1591 2348 Sed
1607 2301 1721 2368 pamm
1736 2279 1948 2366 probabiliter
1961 2279 2022 2346 hoo
2037 2279 2110 2346 inde

177 2386 375 2452 conclusisse
399 2387 537 2454 videtur.
584 2389 688 2454 Immo
704 2390 883 2476 ubicunqne
899 2391 1036 2456 verbum
1052 2389 1171 2476 ἔγραφε
1188 2394 1373 2478 requiritur,
1396 2387 1557 2454 Eudociee
1582 2392 1737 2475 (necnon
1752 2385 1887 2474 Suidoe)
1909 2385 2112 2476 neglegentia

179 2491 212 2556 id
229 2495 381 2558 omissum
404 2515 473 2560 esse
496 2495 629 2561 confido.
676 2497 893 2562 Porro‘nnlla
916 2505 986 2564 erat
1008 2495 1169 2564 Eudooiae
1194 2517 1302 2582 causa,
1326 2517 1384 2562 our
1399 2494 1531 2562 eandem
1548 2499 1732 2562 constanter
1747 2499 1891 2560 serumst
1906 2492 2024 2560 Suldas
2039 2515 2110 2559 con·

178 2601 393 2665 suetudinem.
438 2602 493 2666 An
522 2603 594 2687 quis
623 2603 686 2669 ibit
715 2605 836 2670 infitias
867 2604 993 2671 mulieri
1025 2603 1136 2671 doctae
1165 2625 1392 2691 saepenumero
1421 2602 1510 2668 illius
1539 2607 1735 2668 cunctorem
1765 2604 1894 2668 variare
1923 2601 2109 2687 placuisse?

177 2707 276 2774 Certe
298 2715 366 2772 tem
389 2711 483 2773 anxie
506 2711 563 2774 vix
586 2711 740 2796 presserit
754 2710 873 2778 Suidao
895 2715 1045 2799 vestigia.
1092 2711 1241 2778 Ceterum
1265 2719 1390 2778 tantum
1412 2709 1506 2776 abest
1529 2717 1567 2775 nt
1588 2711 1652 2774 iste
1666 2707 1786 2776 Suidae
1807 2709 1842 2774 in
1864 2708 1957 2774 libris
1976 2707 2110 2776 mundis

181 2836 259 2879 usus
281 2817 495 2901 antiquiorem
518 2815 663 2882 redoleat
686 2820 851 2905 originem,
882 2826 918 2886 ut
945 2822 1142 2885 contrarium
1166 2821 1232 2884 iere
1262 2820 1406 2886 evenisse
1434 2816 1593 2884 videatur.
1639 2815 1738 2884 Velut
1759 2815 1879 2882 indices
1911 2815 2110 2902 (fabularum

177 2922 397 3008 potissimum)
418 2943 459 2988 er
483 2923 600 3008 priscis
623 2925 781 3011 catalogis
804 2925 986 3013 deprompti
1007 2927 1220 3014 alphabeticis
1235 2929 1433 2992 nominativo
1449 2945 1525 2991 οεοσ
1541 2923 1685 2992 adhibito
1701 2923 1890 3010 plerumque
1904 2931 2109 2990 recensentur

177 3029 234 3116 (af.
258 3051 283 3093 s.
308 3009 769 3117 Ὰυκόφρων,·Ἀπολλόδωρος,
800 3034 954 3118 Διογένης,
981 3033 1105 3112 θέσπις,
1129 3037 1249 3121 Ἰοφῶν,
1275 3033 1434 3122 Κλεοφῶν,
1460 3031 1660 3112 Νικόμαχος,
1684 3029 1878 3114 Σπίνθαρος,
1904 3028 2108 3115 Τιμησίθεος,

181 3139 346 3220 Φιλοκλῆς,
381 3138 544 3222 Φρύνιχος
569 3140 732 3224 τραμικόςς
765 3141 936 3226 Χιωνίδης,
967 3141 1102 3226 Κράτης,
1137 3141 1284 3218 Εὔπολις,
1315 3142 1478 3223 Φρύνιχος
1501 3139 1649 3221 κωμικός,
1681 3139 1932 3220 Illitteratum„
1964 3137 2108 3214 Καλλίας,

178 3242 329 3320 Λεύκων,
356 3246 551 3330 Μεταγένης,
575 3249 740 3328 Στράττις,
766 3251 960 3334 Νικοχάρης,
987 3254 1148 3336 Νικοφῶν,
1181 3249 1355 3325 Φιλύλλιος,
1385 3247 1579 3332 Σαννοράσν,
1602 3245 1846 3335 Ἀπολλοφάνης,
1875 3245 2109 3334 Κηφισόδωρος,

182 3351 337 3434 Ἀραρώς,
363 3352 522 3430 Φιλίσκος,
549 3354 675 3438 Φόρμος
707 3353 837 3444 [ἔγραψε
862 3357 1008 3440 δράματα
1034 3357 1072 3434 ζ’,
1096 3357 1115 3420 t'
1140 3359 1226 3422 ἐστι
1252 3355 1421 3446 ταδτα]);
1453 3377 1564 3421 varum
1589 3359 1684 3422 etiam
1708 3353 1790 3420 alibi
1813 3353 1922 3421 eadem
1945 3355 2029 3420 ratio
2052 3374 2109 3440 pel·

180 3480 217 3524 se
239 3459 408 3526 admodum
433 3469 647 3528 consentanea
670 3465 764 3529 nobis
788 3465 885 3530 obvia
908 3472 957 3530 est
989 3465 1042 3552 (of.
1060 3487 1087 3530 e.
1104 3487 1136 3550 g.
1153 3483 1178 3530 s.
1200 3463 1361 3541 Ἡσίοδος,
1386 3465 1562 3550 Εὐφορίων,
1586 3462 1764 3546 Σιμωνίδης
1788 3461 1887 3539 Κεῖος,
1911 3467 2109 3546 Λυκοῦργος,

179 3567 394 3649 Καλλιμαηας,
428 3569 635 3656 θεόφραστος,
666 3571 828 3657 Ξενοφῶν,
856 3571 989 3660 Ῥοῦφος
1010 3571 1174 3660 Ἐφέσιος).
1222 3569 1313 3646 Quae
1343 3573 1371 3636 si
1398 3577 1484 3638 recte
1514 3567 1758 3656 disputavimus,
1789 3572 1927 3636 omnium
1951 3568 1982 3634 id
2006 3587 2109 3656 genus

177 3681 439 3759 argumentorum
468 3679 517 3742 vis
545 3676 717 3743 admodum
746 3681 945 3766 infringitur.
992 3679 1101 3764 Atque
1130 3681 1235 3764 ipsum
1267 3677 1400 3744 Suidam
1430 3679 1464 3742 in
1494 3675 1615 3744 citandi
1645 3673 1876 3742 consuetudine
1905 3695 2016 3762 parum
2047 3675 2109 3740 sibi

177 3782 363 3846 constitisse
392 3789 445 3848 sat
473 3783 585 3848 multis
614 3785 768 3871 exemplis
800 3793 907 3872 potest
935 3785 1133 3872 conprobari.
1180 3785 1219 3850 ln
1251 3784 1361 3872 glossa
1390 3785 1526 3870 denique
1548 3805 1574 3848 s.
1598 3782 1711 3860 Λίνος,
1742 3803 1838 3870 quam
1859 3781 2048 3850 Nitzsolriua
2076 3785 2110 3847 in

180 3887 318 3952 medium
334 3889 480 3974 protulit,
497 3889 673 3958 lindoeiam
689 3913 709 3956 a
724 3913 803 3959 vere
819 3901 985 3960 structore
1000 3900 1122 3958 temere
1138 3891 1292 3958 defecisse
1308 3890 1482 3958 dilucidum
1498 3897 1548 3958 est
1569 3891 1623 3976 (ci.
1640 3889 1793 3956 Fleohius
1805 3889 1887 3956 Viol.
1905 3889 1951 3955 ed.
1968 3909 1999 3975 p.
2017 3895 2108 3977 tat).

287 3997 321 4084 6)
345 4016 371 4061 s.
396 3997 593 4080 Καρκίνος
617 3999 656 4064 Ε.
689 4021 749 4086 pro
777 4002 896 4086 ineptia
920 3999 1036 4067 Snidae
1067 4000 1174 4065 verbis
1198 3999 1328 4082 Σεμέλη,
1361 3995 1520 4084 longi,
1550 3996 1594 4076 ὡς
1617 3997 1845 4082 Ἀθήναιος...
1877 3993 2108 4064 consideratius

179 4102 315 4168 exhibet
337 4103 458 4187 Σεμέλη
480 4100 542 4168 καί
564 4104 667 4170 ἄλλα.
714 4107 796 4172 Nam
820 4105 935 4175 fluidas
960 4109 1015 4194 qui
1042 4107 1149 4174 locum
1175 4105 1339 4174 Athenaei
1370 4105 1483 4194 (XIII,
1508 4106 1611 4172 onas:
1636 4103 1840 4190 Καρκίνος...
1863 4107 1898 4168 ἐν
1919 4103 2050 4192 Σεμέλη,
2076 4093 2108 4186 ἧς

180 4203 370 4293 άρχη·,,ά
396 4211 507 4288 νύκτες
528 4237 556 4276 κ.
574 4239 601 4276 τ.
618 4213 683 4300 λ.“)
708 4215 824 4280 leviter
849 4215 992 4299 inspexit
1014 4214 1090 4280 dare
1114 4214 1236 4281 voluit:
1262 4205 1301 4298 ἦς
1325 4213 1427 4298 α’ρχὴ
1450 4240 1478 4279 κ.
1502 4239 1530 4278 τ.
1554 4221 1581 4279 λ.
1627 4213 1688 4280 Illa
1711 4233 1787 4280 vero
1811 4211 1905 4278 huinr
1929 4233 2036 4278 errore
2059 4213 2106 4278 in·

177 4315 308 4382 telleoto
332 4340 371 4384 ne
393 4319 426 4382 in
459 4317 592 4385 eandem
621 4323 798 4387 incurreret
830 4321 1106 4406 reprehensionem
1137 4343 1195 4407 pro
1225 4323 1356 4407 ineptiis
1385 4323 1458 4388 istis
1489 4320 1543 4386 καί
1571 4321 1650 4386 ἄλλα
1677 4341 1829 4408 reponere
1859 4321 1963 4388 satim
1993 4317 2104 4385 duxit:

177 4420 263 4488 unde
285 4425 402 4489 iterum
425 4425 557 4511 adparet
579 4425 669 4493 illius
693 4427 803 4494 ducem
827 4429 926 4494 fuisse
948 4429 1092 4494 Suidam.

289 4531 324 4618 7)
346 4551 373 4596 s.
398 4529 590 4618 Κράτης..
615 4535 794 4616 κωμικός
814 4535 853 4600 Ε.
886 4557 950 4602 non
980 4540 1087 4602 minus
1117 4541 1243 4603 sincero
1271 4537 1388 4604 iudicio
1419 4557 1478 4602 usa
1501 4535 1621 4602 liuidae
1644 4535 1745 4602 rerba
1775 4533 1891 4602 abiecit
1921 4531 2038 4618 ι”ηραςα
2071 4533 2102 4598 δὲ

177 4637 233 4700 καί
255 4641 471 4722 καταλογάδην
493 4641 575 4718 τινά,
600 4661 682 4728 quae
704 4665 723 4708 a
747 4645 867 4709 comico
890 4651 1013 4710 remota
1035 4653 1134 4730 atque
1157 4643 1196 4710 ad
1221 4644 1466 4730 grammaticum
1491 4645 1599 4728 potius
1622 4641 1791 4708 referende
1811 4643 1917 4708 neseio
1940 4659 1980 4706 un
1998 4663 2103 4707 recen·

175 4748 263 4812 tiore
285 4745 413 4812 demum
436 4754 542 4816 aetate
565 4749 689 4816 adiecta
710 4752 786 4818 sint.

287 4851 320 4940 8)
345 4877 370 4919 s.
389 4855 526 4919 Μάναι
536 4883 639 4938 χμος
657 4859 721 4924 ’Ah
739 4857 823 4944 quod
838 4859 876 4924 Ε.
901 4860 947 4935 εἰς
971 4861 1038 4944 την
1055 4859 1225 4935 Πλάτωνος
1243 4863 1421 4922 πολιτείαν
1437 4877 1494 4944 pro
1510 4858 1554 4934 είς
1572 4859 1639 4934 τάς
1655 4859 1714 4924 ΙΙλ.
1731 4859 1904 4932 πολιτείας
1920 4853 2104 4922 emendavit

176 4959 237 5046 (cf.
261 4963 357 5025 etiam
379 4983 405 5027 s.
430 4963 591 5043 Ποτάμων
610 4965 861 5054 Ἀλεξανδρεύς),
885 4965 1033 5032 Platonis
1056 4987 1152 5053 opera
1176 4987 1245 5030 eam
1268 4967 1398 5052 cognita
1420 4963 1570 5030 habitione
1592 4971 1827 5046 commonstrem
1852 4961 1973 5030 aridae
1994 4969 2101 5028 autern

178 5066 365 5134 Aristotelis
388 5077 538 5134 πολιτεῖαι
564 5069 754 5138 obversatus
777 5093 846 5138 esse
868 5071 1028 5138 videntur.

287 5177 320 5264 9)
344 5198 370 5242 a.
394 5177 640 5267 Παλαίφατος
663 5181 833 5265 Ἀβοδηνός
857 5180 941 5266 apud
965 5178 1097 5246 Suidam
1120 5180 1239 5268 legitur
1269 5179 1398 5242 παιδικά
1424 5177 1452 5242 δ’
1475 5177 1765 5260 Ἀριστοτέλους...
1796 5175 1839 5254 cic
1865 5175 1969 5242 Φιλαιν
1999 5177 2034 5240 ἐν
2058 5183 2099 5264 τῷ

175 5287 207 5344 ἶι
231 5283 382 5370 στοιχείῳ
404 5294 460 5350 τοῦ
484 5285 557 5370 περί
579 5287 761 5370 παραδόξου
785 5287 925 5370 ἱστορίας
948 5285 1081 5368 βιβλίον
1104 5287 1135 5364 ά,
1160 5307 1240 5373 quae
1264 5283 1359 5374 paulo
1382 5285 1489 5372 aptius
1513 5283 1550 5352 Ε.
1574 5283 1711 5352 reddidit
1735 5283 1842 5352 verbis
1858 5285 1892 5350 ἐν
1910 5291 1950 5374 τῷ
1968 5283 1995 5348 v'
2013 5307 2099 5348 στοι-

176 5389 261 5476 χείῳ
283 5429 328 5440 -
351 5392 489 5474 αράταα
516 5393 668 5474 μεριλιάα,
696 5417 768 5461 cnm
797 5399 929 5476 ,milior
953 5395 972 5458 ά
1003 5395 1084 5461 nihil
1116 5393 1235 5460 habeat
1261 5413 1323 5478 quc
1351 5393 1519 5461 referatur.
1565 5393 1611 5458 At
1642 5391 1774 5460 vocibus
1801 5391 1938 5476 πρώτου
1967 5391 2100 5472 taruco

286 5659 306 5726 ¹)
326 5659 386 5727 Quo
404 5659 464 5714 inre
483 5659 512 5716 id
530 5659 629 5716 iacent
646 5660 744 5729 nequit
761 5660 893 5728 discerni,
911 5673 962 5714 nse
981 5658 1035 5716 nni
1054 5655 1216 5714 Theodosio
1236 5671 1334 5714 nomen
1357 5661 1519 5732 Τριπολιτηε
1539 5657 1683 5716 conveniet
1702 5659 1875 5730 exploratum
1894 5667 1952 5724 ιιις
1977 5665 2098 5712 ceterum

173 5745 213 5800 ci.
232 5745 376 5817 ileungius
394 5749 423 5804 in
441 5749 537 5804 baert
557 5748 606 5818 IX,
626 5749 886 5820 10,Beruhardyus
905 5747 942 5804 ad
960 5747 1035 5807 δοιά.
1055 5762 1078 5802 ι.
1097 5763 1130 5816 a,
1150 5744 1305 5802 Mainalion
1326 5745 1406 5804 Auel.
1426 5745 1506 5802 Alex.
1524 5765 1551 5818 p.
1570 5747 1631 5804 v11.
