<?xml version="1.0" encoding="UTF-8"?>
<!DOCTYPE html PUBLIC "-//W3C//DTD XHTML 1.0 Transitional//EN"
    "http://www.w3.org/TR/xhtml1/DTD/xhtml1-transitional.dtd">
<html xmlns="http://www.w3.org/1999/xhtml" xml:lang="en" lang="en">
 <head>
  <title>
</title>
<meta http-equiv="Content-Type" content="text/html;charset=utf-8" />
  <meta name='ocr-system' content='tesseract 3.04.00' />
  <meta name='ocr-capabilities' content='ocr_page ocr_carea ocr_par ocr_line ocrx_word'/>
</head>
<body>
  <div class='ocr_page' id='page_1' title='image "./deeudociaeviola00daubgoog_0018.png"; bbox 0 0 4990 6456; ppageno 0'>
   <div class='ocr_carea' id='block_1_1' title="bbox 1183 531 1215 585">
    <p class='ocr_par' dir='ltr' id='par_1_1' title="bbox 1183 531 1215 585">
     <span class='ocr_line' id='line_1_1' title="bbox 1183 531 1215 585; baseline -0.031 0"><span class='ocrx_word' id='word_1_1' title='bbox 1183 531 1215 585; x_wconf 86' lang='lat'><strong>11</strong></span> 
     </span>
    </p>
   </div>
   <div class='ocr_carea' id='block_1_2' title="bbox 230 733 2166 3384">
    <p class='ocr_par' dir='ltr' id='par_1_2' title="bbox 230 733 2165 3171">
     <span class='ocr_line' id='line_1_2' title="bbox 232 733 2162 824; baseline 0 -22"><span class='ocrx_word' id='word_1_2' title='bbox 232 745 320 814; x_wconf 89' lang='lat' dir='ltr'><strong>suut,</strong></span> <span class='ocrx_word' id='word_1_3' title='bbox 352 735 472 824; x_wconf 85' lang='lat' dir='ltr'><strong>quippe</strong></span> <span class='ocrx_word' id='word_1_4' title='bbox 503 736 539 800; x_wconf 91' lang='lat' dir='ltr'><strong>in</strong></span> <span class='ocrx_word' id='word_1_5' title='bbox 570 756 635 822; x_wconf 88' lang='lat' dir='ltr'><strong>qua</strong></span> <span class='ocrx_word' id='word_1_6' title='bbox 665 734 704 800; x_wconf 70' lang='lat' dir='ltr'>R</span> <span class='ocrx_word' id='word_1_7' title='bbox 736 734 899 800; x_wconf 76' lang='lat' dir='ltr'><strong>Suidienis</strong></span> <span class='ocrx_word' id='word_1_8' title='bbox 927 733 1072 820; x_wconf 84' lang='lat' dir='ltr'><strong>disparia</strong></span> <span class='ocrx_word' id='word_1_9' title='bbox 1100 734 1283 802; x_wconf 77' lang='lat' dir='ltr'><strong>tradiderit.</strong></span> <span class='ocrx_word' id='word_1_10' title='bbox 1329 733 1480 800; x_wconf 79' lang='lat' dir='ltr'><strong>Flaohius</strong></span> <span class='ocrx_word' id='word_1_11' title='bbox 1509 755 1586 800; x_wconf 89' lang='lat' dir='ltr'><strong>vero</strong></span> <span class='ocrx_word' id='word_1_12' title='bbox 1613 733 1748 800; x_wconf 90' lang='lat' dir='ltr'><strong>istorum</strong></span> <span class='ocrx_word' id='word_1_13' title='bbox 1779 741 1982 822; x_wconf 69' lang='lat' dir='ltr'><strong>pennatorum</strong></span> <span class='ocrx_word' id='word_1_14' title='bbox 2012 735 2162 802; x_wconf 75' lang='lat' dir='ltr'><strong>librarios</strong></span> 
     </span>
     <span class='ocr_line' id='line_1_3' title="bbox 230 839 2161 932; baseline 0 -24"><span class='ocrx_word' id='word_1_15' title='bbox 230 842 401 910; x_wconf 79' lang='lat' dir='ltr'><strong>insimulat</strong></span> <span class='ocrx_word' id='word_1_16' title='bbox 423 841 469 928; x_wconf 88' lang='lat' dir='ltr'><strong>(p.</strong></span> <span class='ocrx_word' id='word_1_17' title='bbox 494 841 551 928; x_wconf 76' lang='lat'><strong>46)</strong></span> <span class='ocrx_word' id='word_1_18' title='bbox 583 842 684 908; x_wconf 81' lang='lat' dir='ltr'><strong>verba</strong></span> <span class='ocrx_word' id='word_1_19' title='bbox 709 842 745 906; x_wconf 90' lang='lat' dir='ltr'><strong>in</strong></span> <span class='ocrx_word' id='word_1_20' title='bbox 775 841 886 928; x_wconf 81' lang='lat' dir='ltr'><strong>glossa</strong></span> <span class='ocrx_word' id='word_1_21' title='bbox 916 844 1075 907; x_wconf 76' lang='lat' dir='ltr'><strong>anteriore</strong></span> <span class='ocrx_word' id='word_1_22' title='bbox 1106 862 1133 906; x_wconf 85' lang='lat' dir='ltr'><strong>s.</strong></span> <span class='ocrx_word' id='word_1_23' title='bbox 1160 841 1387 926; x_wconf 74' lang='grc' dir='ltr'><strong><em>Χριστόδωρος</em></strong></span> <span class='ocrx_word' id='word_1_24' title='bbox 1419 839 1684 928; x_wconf 75' lang='grc' dir='ltr'><strong>(ἐπιγραμμάτιον</strong></span> <span class='ocrx_word' id='word_1_25' title='bbox 1715 841 1820 924; x_wconf 70' lang='grc' dir='ltr'><strong><em>βιβλήι</em></strong></span> <span class='ocrx_word' id='word_1_26' title='bbox 1843 841 1883 926; x_wconf 81' lang='grc' dir='ltr'><strong>γ’,</strong></span> <span class='ocrx_word' id='word_1_27' title='bbox 1914 843 2090 908; x_wconf 77' lang='grc' dir='ltr'><strong><em>ἐπιστολῶν</em></strong></span> <span class='ocrx_word' id='word_1_28' title='bbox 2116 843 2161 932; x_wconf 81' lang='grc' dir='ltr'><strong>δ’)</strong></span> 
     </span>
     <span class='ocr_line' id='line_1_4' title="bbox 232 947 2161 1038; baseline -0.001 -22"><span class='ocrx_word' id='word_1_29' title='bbox 232 973 253 1016; x_wconf 89' lang='lat' dir='ltr'><strong>a</strong></span> <span class='ocrx_word' id='word_1_30' title='bbox 268 949 367 1016; x_wconf 89' lang='lat' dir='ltr'><strong>Suida</strong></span> <span class='ocrx_word' id='word_1_31' title='bbox 388 950 613 1034; x_wconf 87' lang='lat' dir='ltr'><strong>praetermissa</strong></span> <span class='ocrx_word' id='word_1_32' title='bbox 636 956 736 1034; x_wconf 88' lang='lat' dir='ltr'><strong>atque</strong></span> <span class='ocrx_word' id='word_1_33' title='bbox 757 948 831 1013; x_wconf 92' lang='lat' dir='ltr'><strong>olim</strong></span> <span class='ocrx_word' id='word_1_34' title='bbox 854 951 994 1036; x_wconf 87' lang='lat' dir='ltr'><strong>margini</strong></span> <span class='ocrx_word' id='word_1_35' title='bbox 1016 947 1184 1035; x_wconf 84' lang='lat' dir='ltr'><strong>adscripta</strong></span> <span class='ocrx_word' id='word_1_36' title='bbox 1205 949 1255 1014; x_wconf 92' lang='lat' dir='ltr'><strong>bis</strong></span> <span class='ocrx_word' id='word_1_37' title='bbox 1277 951 1311 1014; x_wconf 89' lang='lat' dir='ltr'><strong>iu</strong></span> <span class='ocrx_word' id='word_1_38' title='bbox 1334 954 1520 1014; x_wconf 86' lang='lat' dir='ltr'><strong>contextum</strong></span> <span class='ocrx_word' id='word_1_39' title='bbox 1543 949 1716 1033; x_wconf 74' lang='lat' dir='ltr'><strong>inrepsisse</strong></span> <span class='ocrx_word' id='word_1_40' title='bbox 1740 949 1851 1038; x_wconf 88' lang='lat' dir='ltr'><strong>(semel</strong></span> <span class='ocrx_word' id='word_1_41' title='bbox 1875 950 1909 1014; x_wconf 95' lang='lat' dir='ltr'><strong>iu</strong></span> <span class='ocrx_word' id='word_1_42' title='bbox 1931 949 1976 1036; x_wconf 79' lang='lat' dir='ltr'><strong>gl</strong></span> <span class='ocrx_word' id='word_1_43' title='bbox 1995 949 2161 1036; x_wconf 65' lang='lat' dir='ltr'><strong>Xorpeluc)</strong></span> 
     </span>
     <span class='ocr_line' id='line_1_5' title="bbox 235 1053 2161 1143; baseline 0 -21"><span class='ocrx_word' id='word_1_44' title='bbox 235 1059 428 1142; x_wconf 85' lang='lat' dir='ltr'><strong>suspicatus,</strong></span> <span class='ocrx_word' id='word_1_45' title='bbox 466 1055 614 1122; x_wconf 87' lang='lat' dir='ltr'><strong>similiter</strong></span> <span class='ocrx_word' id='word_1_46' title='bbox 650 1073 688 1121; x_wconf 87' lang='lat' dir='ltr'><strong>aa</strong></span> <span class='ocrx_word' id='word_1_47' title='bbox 725 1076 839 1120; x_wconf 87' lang='lat' dir='ltr'><strong>nomeu</strong></span> <span class='ocrx_word' id='word_1_48' title='bbox 876 1054 1047 1143; x_wconf 68' lang='lat' dir='ltr'><strong>xapmdi‘cc</strong></span> <span class='ocrx_word' id='word_1_49' title='bbox 1080 1057 1116 1120; x_wconf 90' lang='lat' dir='ltr'><strong>in</strong></span> <span class='ocrx_word' id='word_1_50' title='bbox 1156 1053 1283 1141; x_wconf 77' lang='lat' dir='ltr'><strong>glossae</strong></span> <span class='ocrx_word' id='word_1_51' title='bbox 1319 1076 1345 1120; x_wconf 89' lang='lat' dir='ltr'><strong>s.</strong></span> <span class='ocrx_word' id='word_1_52' title='bbox 1382 1053 1543 1138; x_wconf 67' lang='grc' dir='ltr'><strong>Χιωνίδης</strong></span> <span class='ocrx_word' id='word_1_53' title='bbox 1578 1058 1722 1141; x_wconf 89' lang='lat' dir='ltr'><strong>margine</strong></span> <span class='ocrx_word' id='word_1_54' title='bbox 1761 1053 1950 1122; x_wconf 84' lang='lat' dir='ltr'><strong>adnotatum</strong></span> <span class='ocrx_word' id='word_1_55' title='bbox 1993 1058 2094 1123; x_wconf 85' lang='lat' dir='ltr'><strong>vitam</strong></span> <span class='ocrx_word' id='word_1_56' title='bbox 2133 1079 2161 1122; x_wconf 85' lang='lat' dir='ltr'><strong>s.</strong></span> 
     </span>
     <span class='ocr_line' id='line_1_6' title="bbox 236 1159 2164 1248; baseline 0.002 -22"><span class='ocrx_word' id='word_1_57' title='bbox 236 1161 461 1246; x_wconf 74' lang='lat' dir='ltr'><strong>Xpsuro&#39;d&#39;apor</strong></span> <span class='ocrx_word' id='word_1_58' title='bbox 484 1162 698 1248; x_wconf 83' lang='lat' dir='ltr'><strong>occupaverit.</strong></span> <span class='ocrx_word' id='word_1_59' title='bbox 745 1159 842 1226; x_wconf 73' lang='lat' dir='ltr'><strong>‘l&#39;elia</strong></span> <span class='ocrx_word' id='word_1_60' title='bbox 864 1161 1009 1247; x_wconf 85' lang='lat' dir='ltr'><strong>proiecto</strong></span> <span class='ocrx_word' id='word_1_61' title='bbox 1032 1160 1074 1226; x_wconf 87' lang='lat' dir='ltr'><strong>ad</strong></span> <span class='ocrx_word' id='word_1_62' title='bbox 1096 1161 1352 1245; x_wconf 85' lang='lat' dir='ltr'><strong>persuadendum</strong></span> <span class='ocrx_word' id='word_1_63' title='bbox 1383 1163 1572 1247; x_wconf 89' lang='lat' dir='ltr'><strong>neutiquam</strong></span> <span class='ocrx_word' id='word_1_64' title='bbox 1601 1160 1750 1247; x_wconf 90' lang='lat' dir='ltr'><strong>adposita</strong></span> <span class='ocrx_word' id='word_1_65' title='bbox 1779 1169 1865 1246; x_wconf 86' lang='lat' dir='ltr'><strong>suut,</strong></span> <span class='ocrx_word' id='word_1_66' title='bbox 1898 1184 1957 1228; x_wconf 88' lang='lat' dir='ltr'><strong>nec</strong></span> <span class='ocrx_word' id='word_1_67' title='bbox 1988 1163 2083 1230; x_wconf 76' lang='lat' dir='ltr'><strong>facile</strong></span> <span class='ocrx_word' id='word_1_68' title='bbox 2111 1171 2164 1230; x_wconf 90' lang='lat' dir='ltr'><strong>est</strong></span> 
     </span>
     <span class='ocr_line' id='line_1_7' title="bbox 232 1265 2164 1356; baseline -0.001 -20"><span class='ocrx_word' id='word_1_69' title='bbox 232 1271 395 1356; x_wconf 90' lang='lat' dir='ltr'><strong>percipere</strong></span> <span class='ocrx_word' id='word_1_70' title='bbox 417 1289 556 1354; x_wconf 87' lang='lat' dir='ltr'><strong>quonam</strong></span> <span class='ocrx_word' id='word_1_71' title='bbox 579 1289 655 1334; x_wconf 85' lang='lat' dir='ltr'><strong>casu</strong></span> <span class='ocrx_word' id='word_1_72' title='bbox 678 1267 732 1334; x_wconf 82' lang='lat' dir='ltr'><strong>vel</strong></span> <span class='ocrx_word' id='word_1_73' title='bbox 752 1267 836 1332; x_wconf 84' lang='lat' dir='ltr'><strong>duaa</strong></span> <span class='ocrx_word' id='word_1_74' title='bbox 859 1267 1040 1355; x_wconf 86' lang='lat' dir='ltr'><strong>glossarum</strong></span> <span class='ocrx_word' id='word_1_75' title='bbox 1063 1291 1145 1354; x_wconf 86' lang='lat' dir='ltr'><strong>quae</strong></span> <span class='ocrx_word' id='word_1_76' title='bbox 1168 1290 1208 1333; x_wconf 91' lang='lat' dir='ltr'><strong>ne</strong></span> <span class='ocrx_word' id='word_1_77' title='bbox 1231 1271 1377 1355; x_wconf 86' lang='lat' dir='ltr'><strong>proxime</strong></span> <span class='ocrx_word' id='word_1_78' title='bbox 1400 1265 1530 1353; x_wconf 90' lang='lat' dir='ltr'><strong>quidem</strong></span> <span class='ocrx_word' id='word_1_79' title='bbox 1560 1267 1756 1352; x_wconf 85' lang='lat' dir='ltr'><strong>praecedunt</strong></span> <span class='ocrx_word' id='word_1_80' title='bbox 1782 1267 1962 1354; x_wconf 88' lang='lat' dir='ltr'><strong>particulae</strong></span> <span class='ocrx_word' id='word_1_81' title='bbox 1988 1269 2066 1336; x_wconf 91' lang='lat' dir='ltr'><strong>illuc</strong></span> <span class='ocrx_word' id='word_1_82' title='bbox 2094 1273 2164 1336; x_wconf 91' lang='lat' dir='ltr'><strong>siut</strong></span> 
     </span>
     <span class='ocr_line' id='line_1_8' title="bbox 231 1373 2162 1462; baseline 0.001 -20"><span class='ocrx_word' id='word_1_83' title='bbox 231 1377 396 1442; x_wconf 69' lang='lat' dir='ltr'><strong>trmeotee.</strong></span> <span class='ocrx_word' id='word_1_84' title='bbox 442 1375 603 1442; x_wconf 83' lang='lat' dir='ltr'><strong>Certiores</strong></span> <span class='ocrx_word' id='word_1_85' title='bbox 626 1377 728 1462; x_wconf 85' lang='lat' dir='ltr'><strong>igitur</strong></span> <span class='ocrx_word' id='word_1_86' title='bbox 750 1376 821 1440; x_wconf 89' lang='lat' dir='ltr'><strong>viae</strong></span> <span class='ocrx_word' id='word_1_87' title='bbox 842 1383 877 1441; x_wconf 89' lang='lat' dir='ltr'><strong>et</strong></span> <span class='ocrx_word' id='word_1_88' title='bbox 899 1378 1042 1442; x_wconf 84' lang='lat' dir='ltr'><strong>rationes</strong></span> <span class='ocrx_word' id='word_1_89' title='bbox 1063 1374 1263 1462; x_wconf 83' lang='lat' dir='ltr'><strong>indagandae</strong></span> <span class='ocrx_word' id='word_1_90' title='bbox 1286 1385 1372 1452; x_wconf 85' lang='lat' dir='ltr'><strong>sunt,</strong></span> <span class='ocrx_word' id='word_1_91' title='bbox 1396 1373 1592 1441; x_wconf 84' lang='lat' dir='ltr'><strong>itascilicet</strong></span> <span class='ocrx_word' id='word_1_92' title='bbox 1614 1382 1651 1440; x_wconf 92' lang='lat' dir='ltr'><strong>ut</strong></span> <span class='ocrx_word' id='word_1_93' title='bbox 1673 1377 1707 1438; x_wconf 90' lang='lat' dir='ltr'><strong>iu</strong></span> <span class='ocrx_word' id='word_1_94' title='bbox 1729 1374 1823 1440; x_wconf 85' lang='lat' dir='ltr'><strong>fidem</strong></span> <span class='ocrx_word' id='word_1_95' title='bbox 1847 1375 1976 1440; x_wconf 92' lang='lat' dir='ltr'><strong>illorum</strong></span> <span class='ocrx_word' id='word_1_96' title='bbox 1993 1377 2162 1443; x_wconf 90' lang='lat' dir='ltr'><strong>titulorum</strong></span> 
     </span>
     <span class='ocr_line' id='line_1_9' title="bbox 231 1479 2163 1569; baseline 0 -21"><span class='ocrx_word' id='word_1_97' title='bbox 231 1481 365 1548; x_wconf 78' lang='lat' dir='ltr'><strong>aliunde</strong></span> <span class='ocrx_word' id='word_1_98' title='bbox 386 1481 579 1569; x_wconf 87' lang='lat' dir='ltr'><strong>inquiratur.</strong></span> <span class='ocrx_word' id='word_1_99' title='bbox 624 1483 674 1548; x_wconf 85' lang='lat' dir='ltr'><strong>Au</strong></span> <span class='ocrx_word' id='word_1_100' title='bbox 697 1483 836 1566; x_wconf 89' lang='lat' dir='ltr'><strong>primum</strong></span> <span class='ocrx_word' id='word_1_101' title='bbox 859 1481 988 1568; x_wconf 89' lang='lat' dir='ltr'><strong>quidem</strong></span> <span class='ocrx_word' id='word_1_102' title='bbox 1011 1481 1298 1548; x_wconf 76' lang='lat' dir='ltr'><strong>comoediarum</strong></span> <span class='ocrx_word' id='word_1_103' title='bbox 1322 1484 1506 1546; x_wconf 88' lang='lat' dir='ltr'><strong>memoriam</strong></span> <span class='ocrx_word' id='word_1_104' title='bbox 1522 1479 1562 1545; x_wconf 89' lang='lat' dir='ltr'><strong>ad</strong></span> <span class='ocrx_word' id='word_1_105' title='bbox 1578 1479 1789 1566; x_wconf 63' lang='lat' dir='ltr'><strong>nephandis</strong></span> <span class='ocrx_word' id='word_1_106' title='bbox 1804 1484 1926 1548; x_wconf 89' lang='lat' dir='ltr'><strong>socium</strong></span> <span class='ocrx_word' id='word_1_107' title='bbox 1942 1482 1985 1548; x_wconf 90' lang='lat' dir='ltr'><strong>ab</strong></span> <span class='ocrx_word' id='word_1_108' title='bbox 1999 1483 2163 1569; x_wconf 87' lang='lat' dir='ltr'><strong>Hesycbio</strong></span> 
     </span>
     <span class='ocr_line' id='line_1_10' title="bbox 232 1580 2161 1678; baseline 0.001 -25"><span class='ocrx_word' id='word_1_109' title='bbox 232 1611 258 1654; x_wconf 88' lang='lat' dir='ltr'><strong>s.</strong></span> <span class='ocrx_word' id='word_1_110' title='bbox 282 1589 567 1674; x_wconf 72' lang='grc' dir='ltr'><strong>ἑκκεχοιριλωμὲνη</strong></span> <span class='ocrx_word' id='word_1_111' title='bbox 591 1589 787 1678; x_wconf 61' lang='grc' dir='ltr'><strong>(Ἠφαντίὸῃ</strong></span> <span class='ocrx_word' id='word_1_112' title='bbox 811 1591 871 1673; x_wconf 79' lang='grc' dir='ltr'><strong>γὰρ</strong></span> <span class='ocrx_word' id='word_1_113' title='bbox 895 1595 938 1676; x_wconf 77' lang='grc' dir='ltr'><strong>τῷ</strong></span> <span class='ocrx_word' id='word_1_114' title='bbox 962 1597 1091 1676; x_wconf 79' lang='grc' dir='ltr'><em>κωμικῷ</em></span> <span class='ocrx_word' id='word_1_115' title='bbox 1112 1587 1259 1673; x_wconf 69' lang='lat' dir='ltr'><strong>Xotpelcc</strong></span> <span class='ocrx_word' id='word_1_116' title='bbox 1285 1589 1435 1672; x_wconf 72' lang='grc' dir='ltr'><strong><em>θεράπων</em></strong></span> <span class='ocrx_word' id='word_1_117' title='bbox 1452 1580 1499 1672; x_wconf 79' lang='grc' dir='ltr'><strong>ἦν,</strong></span> <span class='ocrx_word' id='word_1_118' title='bbox 1522 1586 1557 1663; x_wconf 79' lang='grc' dir='ltr'><strong>ὃς</strong></span> <span class='ocrx_word' id='word_1_119' title='bbox 1573 1599 1768 1652; x_wconf 79' lang='grc' dir='ltr'>συνεποιεῖτο</span> <span class='ocrx_word' id='word_1_120' title='bbox 1785 1587 1970 1676; x_wconf 67' lang='grc' dir='ltr'><em>κωμῳδίας)</em></span> <span class='ocrx_word' id='word_1_121' title='bbox 1993 1588 2161 1656; x_wconf 80' lang='lat' dir='ltr'><strong>laudatum</strong></span> 
     </span>
     <span class='ocr_line' id='line_1_11' title="bbox 232 1693 2163 1783; baseline 0 -23"><span class='ocrx_word' id='word_1_122' title='bbox 232 1695 432 1762; x_wconf 77' lang='lat' dir='ltr'><strong>referendam</strong></span> <span class='ocrx_word' id='word_1_123' title='bbox 454 1717 523 1761; x_wconf 87' lang='lat' dir='ltr'><strong>esse</strong></span> <span class='ocrx_word' id='word_1_124' title='bbox 546 1696 692 1762; x_wconf 82' lang='lat' dir='ltr'><strong>Naekius</strong></span> <span class='ocrx_word' id='word_1_125' title='bbox 714 1697 850 1762; x_wconf 87' lang='lat' dir='ltr'><strong>coniecit</strong></span> <span class='ocrx_word' id='word_1_126' title='bbox 876 1695 914 1783; x_wconf 93' lang='lat' dir='ltr'><strong>(l.</strong></span> <span class='ocrx_word' id='word_1_127' title='bbox 938 1695 959 1760; x_wconf 93' lang='lat' dir='ltr'><strong>l.</strong></span> <span class='ocrx_word' id='word_1_128' title='bbox 983 1719 1015 1780; x_wconf 92' lang='lat' dir='ltr'><strong>p.</strong></span> <span class='ocrx_word' id='word_1_129' title='bbox 1040 1703 1093 1778; x_wconf 72' lang='grc'><strong>58,</strong></span> <span class='ocrx_word' id='word_1_130' title='bbox 1117 1696 1155 1762; x_wconf 88' lang='lat' dir='ltr'><strong>cf.</strong></span> <span class='ocrx_word' id='word_1_131' title='bbox 1179 1697 1327 1782; x_wconf 88' lang='lat' dir='ltr'><strong>inprimis</strong></span> <span class='ocrx_word' id='word_1_132' title='bbox 1351 1717 1381 1780; x_wconf 93' lang='lat' dir='ltr'><strong>p.</strong></span> <span class='ocrx_word' id='word_1_133' title='bbox 1408 1703 1447 1760; x_wconf 76' lang='lat'><strong>51</strong></span> <span class='ocrx_word' id='word_1_134' title='bbox 1473 1695 1549 1781; x_wconf 89' lang='lat' dir='ltr'><strong>sq.)‚</strong></span> <span class='ocrx_word' id='word_1_135' title='bbox 1582 1716 1795 1782; x_wconf 82' lang='lat' dir='ltr'><strong>„quamquam</strong></span> <span class='ocrx_word' id='word_1_136' title='bbox 1819 1693 1962 1762; x_wconf 86' lang='lat' dir='ltr'><strong>dubitari</strong></span> <span class='ocrx_word' id='word_1_137' title='bbox 1985 1703 2093 1782; x_wconf 83' lang='lat' dir='ltr'><strong>potest</strong></span> <span class='ocrx_word' id='word_1_138' title='bbox 2120 1718 2163 1762; x_wconf 90' lang='lat' dir='ltr'><strong>an</strong></span> 
     </span>
     <span class='ocr_line' id='line_1_12' title="bbox 232 1801 2163 1889; baseline 0.001 -23"><span class='ocrx_word' id='word_1_139' title='bbox 232 1804 287 1868; x_wconf 92' lang='lat' dir='ltr'><strong>hiu</strong></span> <span class='ocrx_word' id='word_1_140' title='bbox 308 1825 369 1870; x_wconf 87' lang='lat' dir='ltr'><strong>nee</strong></span> <span class='ocrx_word' id='word_1_141' title='bbox 391 1802 570 1868; x_wconf 90' lang='lat' dir='ltr'><strong>comoedias</strong></span> <span class='ocrx_word' id='word_1_142' title='bbox 593 1803 760 1889; x_wconf 77' lang='lat' dir='ltr'><strong>scripsisse</strong></span> <span class='ocrx_word' id='word_1_143' title='bbox 782 1809 868 1868; x_wconf 87' lang='lat' dir='ltr'><strong>reete</strong></span> <span class='ocrx_word' id='word_1_144' title='bbox 892 1801 1030 1886; x_wconf 87' lang='lat' dir='ltr'><strong>dicatur,</strong></span> <span class='ocrx_word' id='word_1_145' title='bbox 1054 1824 1113 1868; x_wconf 91' lang='lat' dir='ltr'><strong>nec</strong></span> <span class='ocrx_word' id='word_1_146' title='bbox 1136 1806 1277 1869; x_wconf 90' lang='lat' dir='ltr'><strong>comicus</strong></span> <span class='ocrx_word' id='word_1_147' title='bbox 1300 1809 1376 1886; x_wconf 88' lang='lat' dir='ltr'><strong>apte</strong></span> <span class='ocrx_word' id='word_1_148' title='bbox 1398 1801 1612 1888; x_wconf 77' lang='lat' dir='ltr'><strong>appelletur.“</strong></span> <span class='ocrx_word' id='word_1_149' title='bbox 1660 1801 1726 1868; x_wconf 85' lang='lat' dir='ltr'><strong>Sed</strong></span> <span class='ocrx_word' id='word_1_150' title='bbox 1747 1809 1818 1868; x_wconf 94' lang='lat' dir='ltr'><strong>tum</strong></span> <span class='ocrx_word' id='word_1_151' title='bbox 1842 1803 1930 1868; x_wconf 86' lang='lat' dir='ltr'><strong>subit</strong></span> <span class='ocrx_word' id='word_1_152' title='bbox 1952 1811 2039 1869; x_wconf 90' lang='lat' dir='ltr'><strong>uerte</strong></span> <span class='ocrx_word' id='word_1_153' title='bbox 2055 1803 2163 1868; x_wconf 88' lang='lat' dir='ltr'><strong>mirari</strong></span> 
     </span>
     <span class='ocr_line' id='line_1_13' title="bbox 233 1907 2163 1996; baseline 0.001 -23"><span class='ocrx_word' id='word_1_154' title='bbox 233 1909 320 1994; x_wconf 86' lang='lat' dir='ltr'><strong>quod</strong></span> <span class='ocrx_word' id='word_1_155' title='bbox 341 1916 468 1996; x_wconf 86' lang='lat' dir='ltr'><strong>praeter</strong></span> <span class='ocrx_word' id='word_1_156' title='bbox 492 1908 689 1994; x_wconf 88' lang='lat' dir='ltr'><strong>Hesyehium</strong></span> <span class='ocrx_word' id='word_1_157' title='bbox 712 1909 782 1976; x_wconf 89' lang='lat' dir='ltr'><strong>sola</strong></span> <span class='ocrx_word' id='word_1_158' title='bbox 800 1908 947 1976; x_wconf 85' lang='lat' dir='ltr'><strong>Eudocia</strong></span> <span class='ocrx_word' id='word_1_159' title='bbox 962 1907 1106 1975; x_wconf 83' lang='lat' dir='ltr'><strong>Choerili</strong></span> <span class='ocrx_word' id='word_1_160' title='bbox 1129 1912 1272 1975; x_wconf 91' lang='lat' dir='ltr'><strong>comici</strong></span> <span class='ocrx_word' id='word_1_161' title='bbox 1294 1911 1444 1974; x_wconf 88' lang='lat' dir='ltr'><strong>notitiam</strong></span> <span class='ocrx_word' id='word_1_162' title='bbox 1467 1909 1565 1974; x_wconf 86' lang='lat' dir='ltr'><strong>ferme</strong></span> <span class='ocrx_word' id='word_1_163' title='bbox 1590 1909 1806 1974; x_wconf 86' lang='lat' dir='ltr'><strong>oblitteratam</strong></span> <span class='ocrx_word' id='word_1_164' title='bbox 1830 1911 2008 1976; x_wconf 86' lang='lat' dir='ltr'><strong>servaverit</strong></span> <span class='ocrx_word' id='word_1_165' title='bbox 2029 1930 2163 1996; x_wconf 90' lang='lat' dir='ltr'><strong>eamque</strong></span> 
     </span>
     <span class='ocr_line' id='line_1_14' title="bbox 232 2015 2163 2104; baseline 0.002 -23"><span class='ocrx_word' id='word_1_166' title='bbox 232 2025 301 2081; x_wconf 88' lang='lat' dir='ltr'><strong>tam</strong></span> <span class='ocrx_word' id='word_1_167' title='bbox 325 2016 462 2082; x_wconf 89' lang='lat' dir='ltr'><strong>obscura</strong></span> <span class='ocrx_word' id='word_1_168' title='bbox 483 2019 611 2082; x_wconf 86' lang='lat' dir='ltr'><strong>ratione</strong></span> <span class='ocrx_word' id='word_1_169' title='bbox 631 2017 716 2082; x_wconf 89' lang='lat' dir='ltr'><strong>iuter</strong></span> <span class='ocrx_word' id='word_1_170' title='bbox 738 2017 805 2082; x_wconf 85' lang='lat' dir='ltr'><strong>ulia</strong></span> <span class='ocrx_word' id='word_1_171' title='bbox 826 2015 946 2082; x_wconf 88' lang='lat' dir='ltr'><strong>diversi</strong></span> <span class='ocrx_word' id='word_1_172' title='bbox 969 2017 1096 2102; x_wconf 83' lang='lat' dir='ltr'><strong>generis</strong></span> <span class='ocrx_word' id='word_1_173' title='bbox 1120 2017 1241 2100; x_wconf 86' lang='lat' dir='ltr'><strong>scripte</strong></span> <span class='ocrx_word' id='word_1_174' title='bbox 1263 2019 1472 2100; x_wconf 80' lang='lat' dir='ltr'><strong>expresserit:</strong></span> <span class='ocrx_word' id='word_1_175' title='bbox 1497 2037 1578 2102; x_wconf 88' lang='lat' dir='ltr'><strong>quse</strong></span> <span class='ocrx_word' id='word_1_176' title='bbox 1601 2018 1630 2080; x_wconf 88' lang='lat' dir='ltr'><strong>si</strong></span> <span class='ocrx_word' id='word_1_177' title='bbox 1651 2017 1731 2080; x_wconf 85' lang='lat' dir='ltr'><strong>uerti</strong></span> <span class='ocrx_word' id='word_1_178' title='bbox 1755 2016 1923 2102; x_wconf 87' lang='lat' dir='ltr'><strong>quiequam</strong></span> <span class='ocrx_word' id='word_1_179' title='bbox 1946 2015 1984 2082; x_wconf 91' lang='lat' dir='ltr'><strong>de</strong></span> <span class='ocrx_word' id='word_1_180' title='bbox 2002 2037 2041 2082; x_wconf 90' lang='lat' dir='ltr'><strong>eo</strong></span> <span class='ocrx_word' id='word_1_181' title='bbox 2056 2019 2163 2104; x_wconf 87' lang='lat' dir='ltr'><strong>cogui-</strong></span> 
     </span>
     <span class='ocr_line' id='line_1_15' title="bbox 232 2121 2161 2210; baseline 0 -22"><span class='ocrx_word' id='word_1_182' title='bbox 232 2132 301 2188; x_wconf 89' lang='lat' dir='ltr'><strong>tum</strong></span> <span class='ocrx_word' id='word_1_183' title='bbox 324 2123 499 2200; x_wconf 77' lang='lat' dir='ltr'><strong>habuisset,</strong></span> <span class='ocrx_word' id='word_1_184' title='bbox 529 2123 563 2188; x_wconf 92' lang='lat' dir='ltr'><strong>id</strong></span> <span class='ocrx_word' id='word_1_185' title='bbox 585 2122 705 2189; x_wconf 87' lang='lat' dir='ltr'><strong>clarius</strong></span> <span class='ocrx_word' id='word_1_186' title='bbox 727 2125 781 2189; x_wconf 91' lang='lat' dir='ltr'><strong>vel</strong></span> <span class='ocrx_word' id='word_1_187' title='bbox 805 2123 991 2190; x_wconf 87' lang='lat' dir='ltr'><strong>distinctius</strong></span> <span class='ocrx_word' id='word_1_188' title='bbox 1014 2130 1206 2188; x_wconf 85' lang='lat' dir='ltr'><strong>enarrasset.</strong></span> <span class='ocrx_word' id='word_1_189' title='bbox 1254 2123 1374 2188; x_wconf 83' lang='lat' dir='ltr'><strong>Tamen</strong></span> <span class='ocrx_word' id='word_1_190' title='bbox 1398 2129 1474 2189; x_wconf 90' lang='lat' dir='ltr'><strong>utut</strong></span> <span class='ocrx_word' id='word_1_191' title='bbox 1499 2121 1664 2206; x_wconf 70' lang='lat' dir='ltr'><strong>illudam,</strong></span> <span class='ocrx_word' id='word_1_192' title='bbox 1693 2124 1721 2186; x_wconf 90' lang='lat' dir='ltr'><strong>si</strong></span> <span class='ocrx_word' id='word_1_193' title='bbox 1745 2121 1888 2187; x_wconf 84' lang='lat' dir='ltr'><strong>Choerili</strong></span> <span class='ocrx_word' id='word_1_194' title='bbox 1910 2125 2071 2210; x_wconf 82' lang='lat' dir='ltr'><strong>tragini</strong></span> <span class='ocrx_word' id='word_1_195' title='bbox 2098 2145 2161 2188; x_wconf 91' lang='lat' dir='ltr'><strong>me·</strong></span> 
     </span>
     <span class='ocr_line' id='line_1_16' title="bbox 233 2228 2158 2317; baseline 0.001 -23"><span class='ocrx_word' id='word_1_196' title='bbox 233 2232 370 2294; x_wconf 87' lang='lat' dir='ltr'><strong>moriam</strong></span> <span class='ocrx_word' id='word_1_197' title='bbox 392 2229 580 2296; x_wconf 85' lang='lat' dir='ltr'><strong>auteuedere</strong></span> <span class='ocrx_word' id='word_1_198' title='bbox 610 2232 826 2316; x_wconf 86' lang='lat' dir='ltr'><strong>reputaveris,</strong></span> <span class='ocrx_word' id='word_1_199' title='bbox 858 2252 920 2294; x_wconf 92' lang='lat' dir='ltr'><strong>non</strong></span> <span class='ocrx_word' id='word_1_200' title='bbox 951 2237 1070 2296; x_wconf 81' lang='lat' dir='ltr'><strong>temere</strong></span> <span class='ocrx_word' id='word_1_201' title='bbox 1100 2231 1278 2296; x_wconf 89' lang='lat' dir='ltr'><strong>coniectare</strong></span> <span class='ocrx_word' id='word_1_202' title='bbox 1305 2233 1426 2314; x_wconf 90' lang='lat' dir='ltr'><strong>puteris</strong></span> <span class='ocrx_word' id='word_1_203' title='bbox 1454 2228 1515 2294; x_wconf 90' lang='lat' dir='ltr'><strong>hac</strong></span> <span class='ocrx_word' id='word_1_204' title='bbox 1542 2231 1613 2315; x_wconf 91' lang='lat' dir='ltr'><strong>ipsa</strong></span> <span class='ocrx_word' id='word_1_205' title='bbox 1639 2249 1674 2294; x_wconf 90' lang='lat' dir='ltr'><strong>re</strong></span> <span class='ocrx_word' id='word_1_206' title='bbox 1696 2228 1870 2294; x_wconf 81' lang='lat' dir='ltr'><strong>Eudociam</strong></span> <span class='ocrx_word' id='word_1_207' title='bbox 1900 2230 1971 2317; x_wconf 90' lang='lat' dir='ltr'><strong>(vel</strong></span> <span class='ocrx_word' id='word_1_208' title='bbox 1996 2231 2025 2294; x_wconf 93' lang='lat' dir='ltr'><strong>si</strong></span> <span class='ocrx_word' id='word_1_209' title='bbox 2051 2233 2158 2296; x_wconf 87' lang='lat' dir='ltr'><strong>mavis</strong></span> 
     </span>
     <span class='ocr_line' id='line_1_17' title="bbox 232 2335 2163 2423; baseline 0.001 -22"><span class='ocrx_word' id='word_1_210' title='bbox 232 2336 384 2402; x_wconf 86' lang='lat' dir='ltr'><strong>leetorem</strong></span> <span class='ocrx_word' id='word_1_211' title='bbox 413 2337 572 2423; x_wconf 88' lang='lat' dir='ltr'><strong>aliquem)</strong></span> <span class='ocrx_word' id='word_1_212' title='bbox 602 2358 670 2402; x_wconf 88' lang='lat' dir='ltr'><strong>esse</strong></span> <span class='ocrx_word' id='word_1_213' title='bbox 699 2345 878 2403; x_wconf 82' lang='lat' dir='ltr'><strong>conmotam</strong></span> <span class='ocrx_word' id='word_1_214' title='bbox 910 2343 948 2401; x_wconf 92' lang='lat' dir='ltr'><strong>ut</strong></span> <span class='ocrx_word' id='word_1_215' title='bbox 976 2336 1050 2402; x_wconf 87' lang='lat' dir='ltr'><strong>huie</strong></span> <span class='ocrx_word' id='word_1_216' title='bbox 1085 2335 1220 2420; x_wconf 62' lang='lat' dir='ltr'><strong>„altene</strong></span> <span class='ocrx_word' id='word_1_217' title='bbox 1251 2335 1398 2402; x_wconf 82' lang='lat' dir='ltr'><strong>Oboerilu</strong></span> <span class='ocrx_word' id='word_1_218' title='bbox 1424 2357 1585 2421; x_wconf 81' lang='lat' dir='ltr'><strong>—quem</strong></span> <span class='ocrx_word' id='word_1_219' title='bbox 1612 2357 1676 2400; x_wconf 92' lang='lat' dir='ltr'><strong>nou</strong></span> <span class='ocrx_word' id='word_1_220' title='bbox 1706 2335 1900 2420; x_wconf 85' lang='lat' dir='ltr'><strong>explicatius</strong></span> <span class='ocrx_word' id='word_1_221' title='bbox 1929 2336 2098 2423; x_wconf 83' lang='lat' dir='ltr'><strong>descripsit</strong></span> <span class='ocrx_word' id='word_1_222' title='bbox 2120 2377 2163 2386; x_wconf 86' lang='lat'><em>-</em></span> 
     </span>
     <span class='ocr_line' id='line_1_18' title="bbox 232 2441 2163 2530; baseline 0 -22"><span class='ocrx_word' id='word_1_223' title='bbox 232 2442 467 2509; x_wconf 85' lang='lat' dir='ltr'><strong>comoedias</strong></span> <span class='ocrx_word' id='word_1_224' title='bbox 498 2443 688 2530; x_wconf 87' lang='lat' dir='ltr'><strong>adtingeret.</strong></span> <span class='ocrx_word' id='word_1_225' title='bbox 735 2445 823 2510; x_wconf 91' lang='lat' dir='ltr'><strong>Hine</strong></span> <span class='ocrx_word' id='word_1_226' title='bbox 854 2441 1036 2510; x_wconf 84' lang='lat' dir='ltr'><strong>secedimus</strong></span> <span class='ocrx_word' id='word_1_227' title='bbox 1069 2443 1108 2508; x_wconf 87' lang='lat' dir='ltr'><strong>ad</strong></span> <span class='ocrx_word' id='word_1_228' title='bbox 1141 2442 1320 2519; x_wconf 79' lang='grc' dir='ltr'><strong>ἐπιστολάς,</strong></span> <span class='ocrx_word' id='word_1_229' title='bbox 1354 2463 1435 2528; x_wconf 84' lang='lat' dir='ltr'><strong>quas</strong></span> <span class='ocrx_word' id='word_1_230' title='bbox 1466 2441 1506 2507; x_wconf 86' lang='lat' dir='ltr'><strong>ad</strong></span> <span class='ocrx_word' id='word_1_231' title='bbox 1538 2441 1675 2508; x_wconf 82' lang='lat' dir='ltr'><strong>Choerili</strong></span> <span class='ocrx_word' id='word_1_232' title='bbox 1707 2442 1747 2507; x_wconf 93' lang='lat' dir='ltr'><strong>de</strong></span> <span class='ocrx_word' id='word_1_233' title='bbox 1781 2441 1918 2508; x_wconf 77' lang='lat' dir='ltr'><strong>Thalete</strong></span> <span class='ocrx_word' id='word_1_234' title='bbox 1949 2446 2163 2509; x_wconf 84' lang='lat' dir='ltr'><strong>narrationem</strong></span> 
     </span>
     <span class='ocr_line' id='line_1_19' title="bbox 234 2548 2164 2638; baseline 0.001 -24"><span class='ocrx_word' id='word_1_235' title='bbox 234 2550 360 2636; x_wconf 74' lang='lat' dir='ltr'><strong>(Laert.</strong></span> <span class='ocrx_word' id='word_1_236' title='bbox 383 2549 411 2634; x_wconf 86' lang='grc' dir='ltr'><strong>Ι,</strong></span> <span class='ocrx_word' id='word_1_237' title='bbox 436 2557 489 2632; x_wconf 82' lang='lat'><strong>24,</strong></span> <span class='ocrx_word' id='word_1_238' title='bbox 512 2551 551 2616; x_wconf 84' lang='lat' dir='ltr'><strong>ef.</strong></span> <span class='ocrx_word' id='word_1_239' title='bbox 576 2551 721 2616; x_wconf 81' lang='lat' dir='ltr'><strong>Naeltius</strong></span> <span class='ocrx_word' id='word_1_240' title='bbox 741 2551 762 2614; x_wconf 95' lang='lat' dir='ltr'><strong>l.</strong></span> <span class='ocrx_word' id='word_1_241' title='bbox 780 2551 849 2636; x_wconf 82' lang='lat' dir='ltr'><strong>lp.</strong></span> <span class='ocrx_word' id='word_1_242' title='bbox 869 2555 931 2615; x_wconf 79' lang='lat'><strong>182</strong></span> <span class='ocrx_word' id='word_1_243' title='bbox 949 2551 1012 2636; x_wconf 89' lang='lat' dir='ltr'><strong>sq.)</strong></span> <span class='ocrx_word' id='word_1_244' title='bbox 1034 2550 1181 2636; x_wconf 81' lang='lat' dir='ltr'><strong>relegare</strong></span> <span class='ocrx_word' id='word_1_245' title='bbox 1204 2573 1269 2615; x_wconf 92' lang='lat' dir='ltr'><strong>non</strong></span> <span class='ocrx_word' id='word_1_246' title='bbox 1291 2552 1404 2614; x_wconf 89' lang='lat' dir='ltr'><strong>ausim.</strong></span> <span class='ocrx_word' id='word_1_247' title='bbox 1450 2550 1574 2615; x_wconf 87' lang='lat' dir='ltr'><strong>Maiore</strong></span> <span class='ocrx_word' id='word_1_248' title='bbox 1597 2559 1710 2616; x_wconf 87' lang='lat' dir='ltr'><strong>eontra</strong></span> <span class='ocrx_word' id='word_1_249' title='bbox 1731 2548 1794 2615; x_wconf 85' lang='lat' dir='ltr'><strong>fide</strong></span> <span class='ocrx_word' id='word_1_250' title='bbox 1816 2549 2042 2634; x_wconf 74' lang='grc' dir='ltr'><em>ἐπιγράμματα</em></span> <span class='ocrx_word' id='word_1_251' title='bbox 2066 2550 2164 2638; x_wconf 91' lang='lat' dir='ltr'><strong>digna</strong></span> 
     </span>
     <span class='ocr_line' id='line_1_20' title="bbox 233 2655 2165 2745; baseline -0.001 -23"><span class='ocrx_word' id='word_1_252' title='bbox 233 2677 305 2722; x_wconf 88' lang='lat' dir='ltr'><strong>esse</strong></span> <span class='ocrx_word' id='word_1_253' title='bbox 331 2655 482 2723; x_wconf 87' lang='lat' dir='ltr'><strong>videntur</strong></span> <span class='ocrx_word' id='word_1_254' title='bbox 511 2659 568 2745; x_wconf 84' lang='lat' dir='ltr'><strong>(ci.</strong></span> <span class='ocrx_word' id='word_1_255' title='bbox 591 2657 736 2723; x_wconf 85' lang='lat' dir='ltr'><strong>Naekius</strong></span> <span class='ocrx_word' id='word_1_256' title='bbox 765 2657 787 2723; x_wconf 93' lang='lat' dir='ltr'><strong>l.</strong></span> <span class='ocrx_word' id='word_1_257' title='bbox 817 2658 839 2722; x_wconf 93' lang='lat' dir='ltr'><strong>l.</strong></span> <span class='ocrx_word' id='word_1_258' title='bbox 865 2659 954 2743; x_wconf 78' lang='lat'><strong>102).</strong></span> <span class='ocrx_word' id='word_1_259' title='bbox 1000 2656 1066 2723; x_wconf 86' lang='lat' dir='ltr'><strong>Sed</strong></span> <span class='ocrx_word' id='word_1_260' title='bbox 1096 2657 1181 2723; x_wconf 88' lang='lat' dir='ltr'><strong>unde</strong></span> <span class='ocrx_word' id='word_1_261' title='bbox 1208 2656 1382 2723; x_wconf 83' lang='lat' dir='ltr'><strong>Eudouism</strong></span> <span class='ocrx_word' id='word_1_262' title='bbox 1414 2655 1495 2722; x_wconf 87' lang='lat' dir='ltr'><strong>talia</strong></span> <span class='ocrx_word' id='word_1_263' title='bbox 1524 2655 1702 2742; x_wconf 84' lang='lat' dir='ltr'><strong>conlegisse</strong></span> <span class='ocrx_word' id='word_1_264' title='bbox 1731 2656 1986 2722; x_wconf 81' lang='lat' dir='ltr'><strong>arbitrabimur?</strong></span> <span class='ocrx_word' id='word_1_265' title='bbox 2032 2655 2104 2732; x_wconf 77' lang='lat' dir='ltr'><strong>Qua</strong></span> <span class='ocrx_word' id='word_1_266' title='bbox 2130 2660 2165 2722; x_wconf 89' lang='lat' dir='ltr'><strong>in</strong></span> 
     </span>
     <span class='ocr_line' id='line_1_21' title="bbox 233 2761 2164 2851; baseline 0 -22"><span class='ocrx_word' id='word_1_267' title='bbox 233 2783 331 2829; x_wconf 85' lang='lat' dir='ltr'><strong>causa</strong></span> <span class='ocrx_word' id='word_1_268' title='bbox 353 2763 434 2829; x_wconf 87' lang='lat' dir='ltr'><strong>certi</strong></span> <span class='ocrx_word' id='word_1_269' title='bbox 456 2765 626 2850; x_wconf 87' lang='lat' dir='ltr'><strong>quiequam</strong></span> <span class='ocrx_word' id='word_1_270' title='bbox 657 2765 816 2832; x_wconf 87' lang='lat' dir='ltr'><strong>enucleari</strong></span> <span class='ocrx_word' id='word_1_271' title='bbox 845 2765 975 2851; x_wconf 86' lang='lat' dir='ltr'><strong>nequit:</strong></span> <span class='ocrx_word' id='word_1_272' title='bbox 1011 2783 1193 2850; x_wconf 88' lang='lat' dir='ltr'><strong>quenquam</strong></span> <span class='ocrx_word' id='word_1_273' title='bbox 1225 2763 1298 2828; x_wconf 90' lang='lat' dir='ltr'><strong>inde</strong></span> <span class='ocrx_word' id='word_1_274' title='bbox 1326 2762 1411 2849; x_wconf 92' lang='lat' dir='ltr'><strong>quod</strong></span> <span class='ocrx_word' id='word_1_275' title='bbox 1439 2763 1499 2828; x_wconf 91' lang='lat' dir='ltr'><strong>soli</strong></span> <span class='ocrx_word' id='word_1_276' title='bbox 1522 2762 1686 2828; x_wconf 83' lang='lat' dir='ltr'><strong>Eudociac</strong></span> <span class='ocrx_word' id='word_1_277' title='bbox 1715 2761 1924 2848; x_wconf 88' lang='lat' dir='ltr'><strong>epistularum</strong></span> <span class='ocrx_word' id='word_1_278' title='bbox 1954 2767 2164 2850; x_wconf 87' lang='lat' dir='ltr'><strong>epigramma·</strong></span> 
     </span>
     <span class='ocr_line' id='line_1_22' title="bbox 232 2867 2163 2958; baseline 0 -24"><span class='ocrx_word' id='word_1_279' title='bbox 232 2881 366 2954; x_wconf 88' lang='lat' dir='ltr'><strong>tumque</strong></span> <span class='ocrx_word' id='word_1_280' title='bbox 390 2869 524 2936; x_wconf 88' lang='lat' dir='ltr'><strong>debetur</strong></span> <span class='ocrx_word' id='word_1_281' title='bbox 547 2873 690 2957; x_wconf 89' lang='lat' dir='ltr'><strong>cognitio</strong></span> <span class='ocrx_word' id='word_1_282' title='bbox 714 2870 868 2958; x_wconf 81' lang='lat' dir='ltr'><strong>peculiari</strong></span> <span class='ocrx_word' id='word_1_283' title='bbox 892 2893 933 2935; x_wconf 85' lang='lat' dir='ltr'><strong>ex</strong></span> <span class='ocrx_word' id='word_1_284' title='bbox 954 2871 1043 2936; x_wconf 87' lang='lat' dir='ltr'><strong>fonte</strong></span> <span class='ocrx_word' id='word_1_285' title='bbox 1066 2870 1125 2934; x_wconf 92' lang='lat' dir='ltr'><strong>illa</strong></span> <span class='ocrx_word' id='word_1_286' title='bbox 1151 2869 1344 2956; x_wconf 86' lang='lat' dir='ltr'><strong>profluxisse</strong></span> <span class='ocrx_word' id='word_1_287' title='bbox 1366 2891 1431 2935; x_wconf 90' lang='lat' dir='ltr'><strong>nou</strong></span> <span class='ocrx_word' id='word_1_288' title='bbox 1453 2871 1571 2934; x_wconf 89' lang='lat' dir='ltr'><strong>iniuria</strong></span> <span class='ocrx_word' id='word_1_289' title='bbox 1600 2867 1729 2934; x_wconf 86' lang='lat' dir='ltr'><strong>efficias.</strong></span> <span class='ocrx_word' id='word_1_290' title='bbox 1775 2867 1829 2934; x_wconf 80' lang='lat' dir='ltr'><strong>An</strong></span> <span class='ocrx_word' id='word_1_291' title='bbox 1854 2891 1931 2935; x_wconf 84' lang='lat' dir='ltr'><strong>vero</strong></span> <span class='ocrx_word' id='word_1_292' title='bbox 1954 2907 1999 2920; x_wconf 90' lang='lat'><strong>--</strong></span> <span class='ocrx_word' id='word_1_293' title='bbox 2021 2869 2055 2935; x_wconf 91' lang='lat' dir='ltr'><strong>id</strong></span> <span class='ocrx_word' id='word_1_294' title='bbox 2079 2869 2163 2956; x_wconf 93' lang='lat' dir='ltr'><strong>quod</strong></span> 
     </span>
     <span class='ocr_line' id='line_1_23' title="bbox 233 2973 2164 3064; baseline 0.001 -25"><span class='ocrx_word' id='word_1_295' title='bbox 233 2973 420 3041; x_wconf 89' lang='lat' dir='ltr'><strong>dubitanter</strong></span> <span class='ocrx_word' id='word_1_296' title='bbox 442 2979 564 3044; x_wconf 90' lang='lat' dir='ltr'><strong>conicio</strong></span> <span class='ocrx_word' id='word_1_297' title='bbox 587 3016 631 3026; x_wconf 88' lang='lat'><strong>—-</strong></span> <span class='ocrx_word' id='word_1_298' title='bbox 653 2977 711 3042; x_wconf 87' lang='lat' dir='ltr'><strong>illa</strong></span> <span class='ocrx_word' id='word_1_299' title='bbox 728 2976 848 3044; x_wconf 86' lang='lat' dir='ltr'><strong>Suidaa</strong></span> <span class='ocrx_word' id='word_1_300' title='bbox 871 2980 1085 3044; x_wconf 87' lang='lat' dir='ltr'><strong>narrationem</strong></span> <span class='ocrx_word' id='word_1_301' title='bbox 1110 2975 1178 3064; x_wconf 77' lang='lat' dir='ltr'><strong>(aui</strong></span> <span class='ocrx_word' id='word_1_302' title='bbox 1200 2975 1279 3041; x_wconf 81' lang='grc' dir='ltr'><strong><em>ἄλλα</em></strong></span> <span class='ocrx_word' id='word_1_303' title='bbox 1303 2979 1373 3040; x_wconf 80' lang='grc' dir='ltr'><em>τινὰ</em></span> <span class='ocrx_word' id='word_1_304' title='bbox 1398 2975 1558 3060; x_wconf 70' lang='grc' dir='ltr'><strong>ποιήματα</strong></span> <span class='ocrx_word' id='word_1_305' title='bbox 1582 2976 1680 3040; x_wconf 76' lang='grc' dir='ltr'><em>αὐτοῦ</em></span> <span class='ocrx_word' id='word_1_306' title='bbox 1705 2974 1849 3063; x_wconf 70' lang='grc' dir='ltr'><strong>φέρεται)</strong></span> <span class='ocrx_word' id='word_1_307' title='bbox 1872 2974 1911 3040; x_wconf 92' lang='lat' dir='ltr'><strong>de</strong></span> <span class='ocrx_word' id='word_1_308' title='bbox 1934 2997 1991 3041; x_wconf 91' lang='lat' dir='ltr'><strong>suo</strong></span> <span class='ocrx_word' id='word_1_309' title='bbox 2015 2975 2164 3062; x_wconf 90' lang='lat' dir='ltr'><strong>supplere</strong></span> 
     </span>
     <span class='ocr_line' id='line_1_24' title="bbox 232 3081 840 3171; baseline 0.007 -27"><span class='ocrx_word' id='word_1_310' title='bbox 232 3081 288 3148; x_wconf 87' lang='lat' dir='ltr'><strong>vel</strong></span> <span class='ocrx_word' id='word_1_311' title='bbox 312 3084 499 3150; x_wconf 81' lang='lat' dir='ltr'><strong>mutinuare</strong></span> <span class='ocrx_word' id='word_1_312' title='bbox 521 3085 703 3169; x_wconf 86' lang='lat' dir='ltr'><strong>periclitata</strong></span> <span class='ocrx_word' id='word_1_313' title='bbox 724 3083 801 3151; x_wconf 83' lang='lat' dir='ltr'><strong>est?</strong></span> <span class='ocrx_word' id='word_1_314' title='bbox 814 3085 840 3171; x_wconf 93' lang='lat'><strong>¹)</strong></span> 
     </span>
    </p>

    <p class='ocr_par' dir='ltr' id='par_1_3' title="bbox 233 3187 2166 3384">
     <span class='ocr_line' id='line_1_25' title="bbox 341 3187 2166 3276; baseline -0.001 -21"><span class='ocrx_word' id='word_1_315' title='bbox 341 3190 461 3276; x_wconf 86' lang='lat' dir='ltr'><strong>Itaque</strong></span> <span class='ocrx_word' id='word_1_316' title='bbox 483 3191 536 3256; x_wconf 91' lang='lat' dir='ltr'><strong>his</strong></span> <span class='ocrx_word' id='word_1_317' title='bbox 564 3192 711 3256; x_wconf 88' lang='lat' dir='ltr'><strong>omnibus</strong></span> <span class='ocrx_word' id='word_1_318' title='bbox 738 3194 934 3258; x_wconf 89' lang='lat' dir='ltr'><strong>testimoniis</strong></span> <span class='ocrx_word' id='word_1_319' title='bbox 962 3194 1084 3257; x_wconf 87' lang='lat' dir='ltr'><strong>aeriter</strong></span> <span class='ocrx_word' id='word_1_320' title='bbox 1114 3191 1305 3257; x_wconf 83' lang='lat' dir='ltr'><strong>examinatis</strong></span> <span class='ocrx_word' id='word_1_321' title='bbox 1334 3192 1487 3276; x_wconf 88' lang='lat' dir='ltr'><strong>pleraque</strong></span> <span class='ocrx_word' id='word_1_322' title='bbox 1514 3191 1581 3256; x_wconf 88' lang='lat' dir='ltr'><strong>ista</strong></span> <span class='ocrx_word' id='word_1_323' title='bbox 1607 3187 1829 3255; x_wconf 85' lang='lat' dir='ltr'><strong>additamenta</strong></span> <span class='ocrx_word' id='word_1_324' title='bbox 1857 3188 1984 3276; x_wconf 84' lang='lat' dir='ltr'><strong>alisque</strong></span> <span class='ocrx_word' id='word_1_325' title='bbox 2013 3190 2096 3256; x_wconf 90' lang='lat' dir='ltr'><strong>alias</strong></span> <span class='ocrx_word' id='word_1_326' title='bbox 2125 3190 2166 3254; x_wconf 93' lang='lat' dir='ltr'><strong>ob</strong></span> 
     </span>
     <span class='ocr_line' id='line_1_26' title="bbox 233 3297 1482 3384; baseline 0.002 -24"><span class='ocrx_word' id='word_1_327' title='bbox 233 3315 347 3360; x_wconf 86' lang='lat' dir='ltr'><strong>causas</strong></span> <span class='ocrx_word' id='word_1_328' title='bbox 369 3297 410 3362; x_wconf 88' lang='lat' dir='ltr'><strong>ab</strong></span> <span class='ocrx_word' id='word_1_329' title='bbox 434 3297 644 3382; x_wconf 89' lang='lat' dir='ltr'><strong>Hesychiaua</strong></span> <span class='ocrx_word' id='word_1_330' title='bbox 667 3300 807 3384; x_wconf 89' lang='lat' dir='ltr'><strong>epitoma</strong></span> <span class='ocrx_word' id='word_1_331' title='bbox 829 3298 938 3364; x_wconf 88' lang='lat' dir='ltr'><strong>aliena</strong></span> <span class='ocrx_word' id='word_1_332' title='bbox 960 3319 1031 3364; x_wconf 91' lang='lat' dir='ltr'><strong>esse</strong></span> <span class='ocrx_word' id='word_1_333' title='bbox 1054 3299 1188 3364; x_wconf 86' lang='lat' dir='ltr'><strong>evicisse</strong></span> <span class='ocrx_word' id='word_1_334' title='bbox 1211 3298 1303 3362; x_wconf 90' lang='lat' dir='ltr'><strong>nobis</strong></span> <span class='ocrx_word' id='word_1_335' title='bbox 1325 3297 1482 3363; x_wconf 90' lang='lat' dir='ltr'><strong>videmur.</strong></span> 
     </span>
    </p>
   </div>
   <div class='ocr_carea' id='block_1_3' title="bbox 585 3492 1814 3750">
    <p class='ocr_par' dir='ltr' id='par_1_4' title="bbox 585 3492 1814 3750">
     <span class='ocr_line' id='line_1_27' title="bbox 1125 3492 1288 3580; baseline -0.018 -17"><span class='ocrx_word' id='word_1_336' title='bbox 1125 3492 1230 3580; x_wconf 74' lang='lat' dir='ltr'><strong>eaput</strong></span> <span class='ocrx_word' id='word_1_337' title='bbox 1254 3492 1288 3561; x_wconf 94' lang='grc' dir='ltr'><strong>ΙΙ.</strong></span> 
     </span>
     <span class='ocr_line' id='line_1_28' title="bbox 585 3615 1814 3750; baseline -0.002 -26"><span class='ocrx_word' id='word_1_338' title='bbox 585 3618 645 3724; x_wconf 84' lang='lat' dir='ltr'><strong>lle</strong></span> <span class='ocrx_word' id='word_1_339' title='bbox 687 3616 950 3748; x_wconf 83' lang='lat' dir='ltr'><strong>glossarum</strong></span> <span class='ocrx_word' id='word_1_340' title='bbox 989 3616 1168 3750; x_wconf 87' lang='lat' dir='ltr'><strong>aliquot</strong></span> <span class='ocrx_word' id='word_1_341' title='bbox 1205 3619 1254 3722; x_wconf 91' lang='lat' dir='ltr'><strong>in</strong></span> <span class='ocrx_word' id='word_1_342' title='bbox 1294 3616 1495 3723; x_wconf 78' lang='lat' dir='ltr'><strong>Violario</strong></span> <span class='ocrx_word' id='word_1_343' title='bbox 1535 3615 1814 3724; x_wconf 85' lang='lat' dir='ltr'><strong>condicione.</strong></span> 
     </span>
    </p>
   </div>
   <div class='ocr_carea' id='block_1_4' title="bbox 230 3791 2167 4734">
    <p class='ocr_par' dir='ltr' id='par_1_5' title="bbox 234 3791 2167 4200">
     <span class='ocr_line' id='line_1_29' title="bbox 342 3791 2167 3881; baseline 0.002 -26"><span class='ocrx_word' id='word_1_344' title='bbox 342 3791 418 3856; x_wconf 75' lang='lat' dir='ltr'><strong>Alia</strong></span> <span class='ocrx_word' id='word_1_345' title='bbox 440 3794 573 3878; x_wconf 89' lang='lat' dir='ltr'><strong>insuper</strong></span> <span class='ocrx_word' id='word_1_346' title='bbox 596 3805 786 3880; x_wconf 85' lang='lat' dir='ltr'><strong>argumenta</strong></span> <span class='ocrx_word' id='word_1_347' title='bbox 809 3817 885 3861; x_wconf 88' lang='lat' dir='ltr'><strong>suae</strong></span> <span class='ocrx_word' id='word_1_348' title='bbox 907 3794 1048 3881; x_wconf 89' lang='lat' dir='ltr'><strong>opinioni</strong></span> <span class='ocrx_word' id='word_1_349' title='bbox 1071 3793 1265 3880; x_wconf 88' lang='lat' dir='ltr'><strong>patrocinari</strong></span> <span class='ocrx_word' id='word_1_350' title='bbox 1289 3792 1442 3859; x_wconf 85' lang='lat' dir='ltr'><strong>Flachius</strong></span> <span class='ocrx_word' id='word_1_351' title='bbox 1465 3793 1503 3880; x_wconf 84' lang='lat' dir='ltr'><strong>(l.</strong></span> <span class='ocrx_word' id='word_1_352' title='bbox 1528 3793 1549 3860; x_wconf 93' lang='lat' dir='ltr'><strong>l.</strong></span> <span class='ocrx_word' id='word_1_353' title='bbox 1573 3815 1604 3878; x_wconf 94' lang='lat' dir='ltr'><strong>p.</strong></span> <span class='ocrx_word' id='word_1_354' title='bbox 1629 3802 1671 3858; x_wconf 78' lang='lat' dir='ltr'><strong>te</strong></span> <span class='ocrx_word' id='word_1_355' title='bbox 1696 3795 1760 3880; x_wconf 88' lang='lat' dir='ltr'><strong>sq.)</strong></span> <span class='ocrx_word' id='word_1_356' title='bbox 1784 3792 1941 3876; x_wconf 85' lang='lat' dir='ltr'><strong>adfirmat,</strong></span> <span class='ocrx_word' id='word_1_357' title='bbox 1969 3813 2070 3879; x_wconf 88' lang='lat' dir='ltr'><strong>eaque</strong></span> <span class='ocrx_word' id='word_1_358' title='bbox 2093 3792 2167 3858; x_wconf 90' lang='lat' dir='ltr'><strong>inde</strong></span> 
     </span>
     <span class='ocr_line' id='line_1_30' title="bbox 234 3898 2166 3988; baseline 0.002 -26"><span class='ocrx_word' id='word_1_359' title='bbox 234 3899 338 3982; x_wconf 87' lang='lat' dir='ltr'><strong>petita</strong></span> <span class='ocrx_word' id='word_1_360' title='bbox 370 3898 456 3984; x_wconf 90' lang='lat' dir='ltr'><strong>quod</strong></span> <span class='ocrx_word' id='word_1_361' title='bbox 489 3899 658 3986; x_wconf 89' lang='lat' dir='ltr'><strong>conplures</strong></span> <span class='ocrx_word' id='word_1_362' title='bbox 690 3903 872 3966; x_wconf 86' lang='lat' dir='ltr'><strong>notationes</strong></span> <span class='ocrx_word' id='word_1_363' title='bbox 903 3905 938 3966; x_wconf 90' lang='lat' dir='ltr'><strong>in</strong></span> <span class='ocrx_word' id='word_1_364' title='bbox 961 3899 1088 3966; x_wconf 87' lang='lat' dir='ltr'><strong>Violeto</strong></span> <span class='ocrx_word' id='word_1_365' title='bbox 1121 3901 1278 3986; x_wconf 87' lang='lat' dir='ltr'><strong>integrae,</strong></span> <span class='ocrx_word' id='word_1_366' title='bbox 1313 3899 1508 3986; x_wconf 86' lang='lat' dir='ltr'><strong>depravatae</strong></span> <span class='ocrx_word' id='word_1_367' title='bbox 1540 3901 1594 3966; x_wconf 87' lang='lat' dir='ltr'><strong>vel</strong></span> <span class='ocrx_word' id='word_1_368' title='bbox 1625 3899 1925 3988; x_wconf 85' lang='lat' dir='ltr'><strong>interpolationibus</strong></span> <span class='ocrx_word' id='word_1_369' title='bbox 1956 3899 2100 3966; x_wconf 88' lang='lat' dir='ltr'><strong>adfectae</strong></span> <span class='ocrx_word' id='word_1_370' title='bbox 2132 3903 2166 3964; x_wconf 90' lang='lat' dir='ltr'><strong>in</strong></span> 
     </span>
     <span class='ocr_line' id='line_1_31' title="bbox 234 4001 2166 4094; baseline 0.002 -26"><span class='ocrx_word' id='word_1_371' title='bbox 234 4001 353 4070; x_wconf 77' lang='lat' dir='ltr'><strong>Suidae</strong></span> <span class='ocrx_word' id='word_1_372' title='bbox 375 4004 478 4072; x_wconf 82' lang='lat' dir='ltr'><strong>lexico</strong></span> <span class='ocrx_word' id='word_1_373' title='bbox 502 4005 640 4072; x_wconf 87' lang='lat' dir='ltr'><strong>traditae</strong></span> <span class='ocrx_word' id='word_1_374' title='bbox 662 4009 728 4072; x_wconf 92' lang='lat' dir='ltr'><strong>sint</strong></span> <span class='ocrx_word' id='word_1_375' title='bbox 750 4008 808 4094; x_wconf 83' lang='lat' dir='ltr'><strong>(cf.</strong></span> <span class='ocrx_word' id='word_1_376' title='bbox 832 4007 1063 4092; x_wconf 86' lang='lat' dir='ltr'><strong>Bernhardyus</strong></span> <span class='ocrx_word' id='word_1_377' title='bbox 1086 4007 1109 4071; x_wconf 94' lang='lat' dir='ltr'><strong>l.</strong></span> <span class='ocrx_word' id='word_1_378' title='bbox 1133 4007 1153 4072; x_wconf 94' lang='lat' dir='ltr'><strong>l.</strong></span> <span class='ocrx_word' id='word_1_379' title='bbox 1177 4006 1323 4072; x_wconf 83' lang='lat' dir='ltr'>XXXIII</span> <span class='ocrx_word' id='word_1_380' title='bbox 1346 4029 1405 4094; x_wconf 89' lang='lat' dir='ltr'><strong>sq.‚</strong></span> <span class='ocrx_word' id='word_1_381' title='bbox 1430 4008 1615 4074; x_wconf 84' lang='lat' dir='ltr'><strong>Nitnsohius</strong></span> <span class='ocrx_word' id='word_1_382' title='bbox 1640 4008 1658 4072; x_wconf 94' lang='lat' dir='ltr'><strong>l.</strong></span> <span class='ocrx_word' id='word_1_383' title='bbox 1684 4008 1706 4072; x_wconf 94' lang='lat' dir='ltr'><strong>l.</strong></span> <span class='ocrx_word' id='word_1_384' title='bbox 1731 4029 1762 4093; x_wconf 93' lang='lat' dir='ltr'><strong>p.</strong></span> <span class='ocrx_word' id='word_1_385' title='bbox 1787 4007 1943 4094; x_wconf 77' lang='lat' dir='ltr'><strong>‘ae-39).</strong></span> <span class='ocrx_word' id='word_1_386' title='bbox 1990 4005 2079 4081; x_wconf 82' lang='lat' dir='ltr'><strong>Quas</strong></span> <span class='ocrx_word' id='word_1_387' title='bbox 2102 4009 2166 4072; x_wconf 89' lang='lat' dir='ltr'><strong>iam</strong></span> 
     </span>
     <span class='ocr_line' id='line_1_32' title="bbox 234 4110 902 4200; baseline 0.004 -25"><span class='ocrx_word' id='word_1_388' title='bbox 234 4110 379 4198; x_wconf 85' lang='lat' dir='ltr'><strong>singulae</strong></span> <span class='ocrx_word' id='word_1_389' title='bbox 402 4112 462 4177; x_wconf 88' lang='lat' dir='ltr'><strong>sub</strong></span> <span class='ocrx_word' id='word_1_390' title='bbox 485 4135 619 4178; x_wconf 79' lang='lat' dir='ltr'><strong>eramen</strong></span> <span class='ocrx_word' id='word_1_391' title='bbox 643 4135 757 4180; x_wconf 87' lang='lat' dir='ltr'><strong>vocare</strong></span> <span class='ocrx_word' id='word_1_392' title='bbox 780 4113 902 4200; x_wconf 86' lang='lat' dir='ltr'><strong>placet:</strong></span> 
     </span>
    </p>

    <p class='ocr_par' dir='ltr' id='par_1_6' title="bbox 230 4209 2166 4734">
     <span class='ocr_line' id='line_1_33' title="bbox 345 4209 2166 4310; baseline 0.002 -30"><span class='ocrx_word' id='word_1_393' title='bbox 345 4217 378 4304; x_wconf 87' lang='lat'><strong>1)</strong></span> <span class='ocrx_word' id='word_1_394' title='bbox 402 4239 428 4282; x_wconf 83' lang='lat' dir='ltr'><strong>s.</strong></span> <span class='ocrx_word' id='word_1_395' title='bbox 449 4217 688 4295; x_wconf 77' lang='grc' dir='ltr'><strong><em>Ἑκαταῖος..</em></strong></span> <span class='ocrx_word' id='word_1_396' title='bbox 720 4219 925 4303; x_wconf 66' lang='grc' dir='ltr'><strong><em>Μιλήσιος</em></strong></span> <span class='ocrx_word' id='word_1_397' title='bbox 955 4221 1089 4306; x_wconf 79' lang='lat' dir='ltr'><strong>praebet</strong></span> <span class='ocrx_word' id='word_1_398' title='bbox 1115 4219 1198 4285; x_wconf 83' lang='lat' dir='ltr'><strong>Eud.</strong></span> <span class='ocrx_word' id='word_1_399' title='bbox 1232 4219 1292 4308; x_wconf 79' lang='grc' dir='ltr'><strong>ὕφ’</strong></span> <span class='ocrx_word' id='word_1_400' title='bbox 1321 4209 1363 4283; x_wconf 77' lang='grc' dir='ltr'><strong>οὗ</strong></span> <span class='ocrx_word' id='word_1_401' title='bbox 1401 4221 1460 4308; x_wconf 81' lang='lat' dir='ltr'><strong>(sc.</strong></span> <span class='ocrx_word' id='word_1_402' title='bbox 1487 4221 1663 4310; x_wconf 70' lang='grc' dir='ltr'>Ἑκαταὼυ)</span> <span class='ocrx_word' id='word_1_403' title='bbox 1695 4220 1761 4284; x_wconf 84' lang='grc' dir='ltr'><strong><em>καί</em></strong></span> <span class='ocrx_word' id='word_1_404' title='bbox 1790 4219 1805 4284; x_wconf 79' lang='grc' dir='ltr'><em>ὃ</em></span> <span class='ocrx_word' id='word_1_405' title='bbox 1840 4219 2166 4306; x_wconf 78' lang='grc' dir='ltr'><strong><em>Ἁλικαρνασσεὺς</em></strong></span> 
     </span>
     <span class='ocr_line' id='line_1_34' title="bbox 230 4321 2165 4414; baseline 0.003 -29"><span class='ocrx_word' id='word_1_406' title='bbox 230 4321 446 4407; x_wconf 77' lang='grc' dir='ltr'><em>Ἡρόδοτος</em></span> <span class='ocrx_word' id='word_1_407' title='bbox 472 4325 674 4412; x_wconf 64' lang='grc' dir='ltr'><strong>ὠφέληται</strong></span> <span class='ocrx_word' id='word_1_408' title='bbox 699 4327 895 4412; x_wconf 78' lang='grc' dir='ltr'><strong><em>νεώτερος</em></strong></span> <span class='ocrx_word' id='word_1_409' title='bbox 918 4326 986 4403; x_wconf 81' lang='grc' dir='ltr'><strong>ὤν,</strong></span> <span class='ocrx_word' id='word_1_410' title='bbox 1011 4326 1100 4393; x_wconf 87' lang='lat' dir='ltr'><strong>Suid.</strong></span> <span class='ocrx_word' id='word_1_411' title='bbox 1124 4337 1239 4394; x_wconf 80' lang='lat' dir='ltr'><strong>eontra</strong></span> <span class='ocrx_word' id='word_1_412' title='bbox 1252 4325 1424 4414; x_wconf 75' lang='grc' dir='ltr'><strong><em>Ἡρόδοτος</em></strong></span> <span class='ocrx_word' id='word_1_413' title='bbox 1449 4328 1482 4391; x_wconf 77' lang='grc' dir='ltr'><strong>δὲ</strong></span> <span class='ocrx_word' id='word_1_414' title='bbox 1506 4327 1585 4394; x_wconf 77' lang='lat' dir='ltr'><strong>t‘A.</strong></span> <span class='ocrx_word' id='word_1_415' title='bbox 1609 4327 1799 4414; x_wconf 69' lang='grc' dir='ltr'><strong>ὠφέληται</strong></span> <span class='ocrx_word' id='word_1_416' title='bbox 1823 4327 1958 4391; x_wconf 73' lang='grc' dir='ltr'><em>τούτου</em></span> <span class='ocrx_word' id='word_1_417' title='bbox 1982 4327 2165 4411; x_wconf 79' lang='grc' dir='ltr'><em>νεώτερος</em></span> 
     </span>
     <span class='ocr_line' id='line_1_35' title="bbox 235 4429 2165 4522; baseline 0.003 -30"><span class='ocrx_word' id='word_1_418' title='bbox 235 4429 297 4493; x_wconf 82' lang='grc' dir='ltr'><strong>ὤν.</strong></span> <span class='ocrx_word' id='word_1_419' title='bbox 343 4429 411 4496; x_wconf 89' lang='lat' dir='ltr'><strong>Iam</strong></span> <span class='ocrx_word' id='word_1_420' title='bbox 433 4429 583 4497; x_wconf 84' lang='lat' dir='ltr'><strong>Flaohius</strong></span> <span class='ocrx_word' id='word_1_421' title='bbox 612 4432 651 4518; x_wconf 88' lang='lat' dir='ltr'><strong>(l.</strong></span> <span class='ocrx_word' id='word_1_422' title='bbox 682 4431 703 4496; x_wconf 96' lang='lat' dir='ltr'><strong>l.</strong></span> <span class='ocrx_word' id='word_1_423' title='bbox 734 4439 786 4517; x_wconf 87' lang='grc'><strong>46,</strong></span> <span class='ocrx_word' id='word_1_424' title='bbox 817 4441 884 4500; x_wconf 88' lang='lat' dir='ltr'><strong>not.</strong></span> <span class='ocrx_word' id='word_1_425' title='bbox 918 4434 951 4520; x_wconf 90' lang='lat'><strong>1)</strong></span> <span class='ocrx_word' id='word_1_426' title='bbox 981 4431 1143 4499; x_wconf 84' lang='lat' dir='ltr'><strong>Eudociae</strong></span> <span class='ocrx_word' id='word_1_427' title='bbox 1172 4435 1270 4500; x_wconf 82' lang='lat' dir='ltr'><strong>verba</strong></span> <span class='ocrx_word' id='word_1_428' title='bbox 1300 4437 1509 4520; x_wconf 87' lang='lat' dir='ltr'><strong>integriorem</strong></span> <span class='ocrx_word' id='word_1_429' title='bbox 1540 4457 1617 4522; x_wconf 85' lang='lat' dir='ltr'><strong>prae</strong></span> <span class='ocrx_word' id='word_1_430' title='bbox 1646 4456 1680 4500; x_wconf 90' lang='lat' dir='ltr'><strong>se</strong></span> <span class='ocrx_word' id='word_1_431' title='bbox 1711 4435 1794 4499; x_wconf 86' lang='lat' dir='ltr'><strong>ferre</strong></span> <span class='ocrx_word' id='word_1_432' title='bbox 1823 4435 1959 4520; x_wconf 88' lang='lat' dir='ltr'><strong>speciem</strong></span> <span class='ocrx_word' id='word_1_433' title='bbox 1989 4433 2165 4499; x_wconf 86' lang='lat' dir='ltr'><strong>arbitratus</strong></span> 
     </span>
     <span class='ocr_line' id='line_1_36' title="bbox 235 4535 2164 4630; baseline 0.002 -30"><span class='ocrx_word' id='word_1_434' title='bbox 235 4535 391 4602; x_wconf 88' lang='lat' dir='ltr'><strong>Suidiaua</strong></span> <span class='ocrx_word' id='word_1_435' title='bbox 420 4559 492 4604; x_wconf 90' lang='lat' dir='ltr'><strong>cum</strong></span> <span class='ocrx_word' id='word_1_436' title='bbox 515 4539 687 4604; x_wconf 84' lang='lat' dir='ltr'><strong>Nitzschio</strong></span> <span class='ocrx_word' id='word_1_437' title='bbox 717 4540 753 4626; x_wconf 88' lang='lat' dir='ltr'><strong>(l.</strong></span> <span class='ocrx_word' id='word_1_438' title='bbox 777 4540 799 4606; x_wconf 93' lang='lat' dir='ltr'><strong>l.</strong></span> <span class='ocrx_word' id='word_1_439' title='bbox 823 4564 853 4627; x_wconf 95' lang='lat' dir='ltr'><strong>p.</strong></span> <span class='ocrx_word' id='word_1_440' title='bbox 879 4539 936 4628; x_wconf 83' lang='grc'><strong>38)</strong></span> <span class='ocrx_word' id='word_1_441' title='bbox 965 4542 1011 4606; x_wconf 89' lang='lat' dir='ltr'><strong>sic</strong></span> <span class='ocrx_word' id='word_1_442' title='bbox 1040 4540 1255 4607; x_wconf 77' lang='lat' dir='ltr'><strong>conformavit</strong></span> <span class='ocrx_word' id='word_1_443' title='bbox 1284 4543 1330 4627; x_wconf 90' lang='lat' dir='ltr'><strong>(p.</strong></span> <span class='ocrx_word' id='word_1_444' title='bbox 1357 4549 1409 4626; x_wconf 85' lang='grc'><strong>67,</strong></span> <span class='ocrx_word' id='word_1_445' title='bbox 1438 4550 1507 4607; x_wconf 91' lang='lat' dir='ltr'><strong>not.</strong></span> <span class='ocrx_word' id='word_1_446' title='bbox 1534 4544 1583 4630; x_wconf 92' lang='lat'><strong>1):</strong></span> <span class='ocrx_word' id='word_1_447' title='bbox 1615 4541 1773 4630; x_wconf 63' lang='grc' dir='ltr'><strong>ὠφέληται</strong></span> <span class='ocrx_word' id='word_1_448' title='bbox 1805 4539 1876 4604; x_wconf 77' lang='grc' dir='ltr'><strong>ὕπὸ</strong></span> <span class='ocrx_word' id='word_1_449' title='bbox 1907 4541 2021 4605; x_wconf 79' lang='grc' dir='ltr'><strong>τούτου</strong></span> <span class='ocrx_word' id='word_1_450' title='bbox 2050 4565 2077 4604; x_wconf 81' lang='grc' dir='ltr'><strong>ν.</strong></span> <span class='ocrx_word' id='word_1_451' title='bbox 2108 4539 2164 4604; x_wconf 78' lang='grc' dir='ltr'><strong>ὧν.</strong></span> 
     </span>
     <span class='ocr_line' id='line_1_37' title="bbox 235 4641 2166 4734; baseline 0.003 -27"><span class='ocrx_word' id='word_1_452' title='bbox 235 4641 311 4718; x_wconf 74' lang='lat' dir='ltr'><strong>Qua</strong></span> <span class='ocrx_word' id='word_1_453' title='bbox 338 4651 445 4710; x_wconf 85' lang='lat' dir='ltr'><strong>tamen</strong></span> <span class='ocrx_word' id='word_1_454' title='bbox 474 4645 658 4711; x_wconf 86' lang='lat' dir='ltr'><strong>coniectura</strong></span> <span class='ocrx_word' id='word_1_455' title='bbox 688 4647 922 4724; x_wconf 85' lang='lat' dir='ltr'><strong>abstinendum,</strong></span> <span class='ocrx_word' id='word_1_456' title='bbox 955 4649 1050 4712; x_wconf 92' lang='lat' dir='ltr'><strong>immo</strong></span> <span class='ocrx_word' id='word_1_457' title='bbox 1082 4647 1217 4712; x_wconf 87' lang='lat' dir='ltr'><strong>verbum</strong></span> <span class='ocrx_word' id='word_1_458' title='bbox 1250 4647 1362 4710; x_wconf 79' lang='grc' dir='ltr'><strong>τούτου</strong></span> <span class='ocrx_word' id='word_1_459' title='bbox 1392 4648 1434 4714; x_wconf 88' lang='lat' dir='ltr'><strong>ad</strong></span> <span class='ocrx_word' id='word_1_460' title='bbox 1466 4649 1616 4734; x_wconf 81' lang='grc' dir='ltr'><strong>νεώτερος</strong></span> <span class='ocrx_word' id='word_1_461' title='bbox 1647 4647 1850 4713; x_wconf 81' lang='lat' dir='ltr'><strong>referendum</strong></span> <span class='ocrx_word' id='word_1_462' title='bbox 1882 4656 1942 4731; x_wconf 87' lang='lat' dir='ltr'><strong>est,</strong></span> <span class='ocrx_word' id='word_1_463' title='bbox 1973 4647 2058 4712; x_wconf 89' lang='lat' dir='ltr'><strong>unde</strong></span> <span class='ocrx_word' id='word_1_464' title='bbox 2088 4647 2166 4712; x_wconf 89' lang='lat' dir='ltr'><strong>talis</strong></span> 
     </span>
    </p>
   </div>
   <div class='ocr_carea' id='block_1_5' title="bbox 234 4750 2165 5056">
    <p class='ocr_par' dir='ltr' id='par_1_7' title="bbox 234 4750 2165 5056">
     <span class='ocr_line' id='line_1_38' title="bbox 235 4750 2165 4842; baseline 0.001 -27"><span class='ocrx_word' id='word_1_465' title='bbox 235 4750 344 4816; x_wconf 90' lang='lat' dir='ltr'><strong>evadit</strong></span> <span class='ocrx_word' id='word_1_466' title='bbox 366 4753 545 4817; x_wconf 87' lang='lat' dir='ltr'><strong>sententia:</strong></span> <span class='ocrx_word' id='word_1_467' title='bbox 572 4753 810 4836; x_wconf 80' lang='lat' dir='ltr'><strong>„Herodotus..</strong></span> <span class='ocrx_word' id='word_1_468' title='bbox 836 4755 892 4840; x_wconf 88' lang='lat' dir='ltr'><strong>(ab</strong></span> <span class='ocrx_word' id='word_1_469' title='bbox 915 4753 1090 4841; x_wconf 87' lang='lat' dir='ltr'><strong>Hecataeo)</strong></span> <span class='ocrx_word' id='word_1_470' title='bbox 1115 4753 1245 4819; x_wconf 88' lang='lat' dir='ltr'><strong>adiutus</strong></span> <span class='ocrx_word' id='word_1_471' title='bbox 1269 4764 1326 4833; x_wconf 81' lang='lat' dir='ltr'><strong>est,</strong></span> <span class='ocrx_word' id='word_1_472' title='bbox 1351 4757 1408 4842; x_wconf 89' lang='lat' dir='ltr'><strong>qui</strong></span> <span class='ocrx_word' id='word_1_473' title='bbox 1431 4755 1504 4821; x_wconf 91' lang='lat' dir='ltr'><strong>hoc</strong></span> <span class='ocrx_word' id='word_1_474' title='bbox 1532 4758 1641 4820; x_wconf 90' lang='lat' dir='ltr'><strong>iunior</strong></span> <span class='ocrx_word' id='word_1_475' title='bbox 1663 4755 1756 4820; x_wconf 67' lang='lat' dir='ltr'><strong>fuit‘*</strong></span> <span class='ocrx_word' id='word_1_476' title='bbox 1798 4753 1890 4820; x_wconf 87' lang='lat' dir='ltr'><strong>Hauc</strong></span> <span class='ocrx_word' id='word_1_477' title='bbox 1911 4753 1950 4820; x_wconf 78' lang='lat' dir='ltr'><strong>Il.</strong></span> <span class='ocrx_word' id='word_1_478' title='bbox 1974 4754 2081 4818; x_wconf 88' lang='lat' dir='ltr'><strong>verbis</strong></span> <span class='ocrx_word' id='word_1_479' title='bbox 2104 4753 2165 4817; x_wconf 76' lang='lat' dir='ltr'><strong>ent</strong></span> 
     </span>
     <span class='ocr_line' id='line_1_39' title="bbox 236 4855 2165 4948; baseline 0.004 -29"><span class='ocrx_word' id='word_1_480' title='bbox 236 4855 351 4920; x_wconf 74' lang='grc' dir='ltr'><strong><em>τούτου</em></strong></span> <span class='ocrx_word' id='word_1_481' title='bbox 365 4896 410 4907; x_wconf 91' lang='grc'><strong>-</strong></span> <span class='ocrx_word' id='word_1_482' title='bbox 426 4880 507 4945; x_wconf 87' lang='lat' dir='ltr'><strong>quae</strong></span> <span class='ocrx_word' id='word_1_483' title='bbox 529 4859 575 4924; x_wconf 93' lang='lat' dir='ltr'><strong>ibi</strong></span> <span class='ocrx_word' id='word_1_484' title='bbox 597 4859 692 4925; x_wconf 87' lang='lat' dir='ltr'><strong>facile</strong></span> <span class='ocrx_word' id='word_1_485' title='bbox 716 4861 868 4948; x_wconf 88' lang='lat' dir='ltr'><strong>suppleas</strong></span> <span class='ocrx_word' id='word_1_486' title='bbox 889 4863 986 4925; x_wconf 92' lang='lat' dir='ltr'><strong>-in</strong></span> <span class='ocrx_word' id='word_1_487' title='bbox 1012 4861 1117 4926; x_wconf 88' lang='lat' dir='ltr'><strong>fronte</strong></span> <span class='ocrx_word' id='word_1_488' title='bbox 1142 4861 1256 4948; x_wconf 88' lang='lat' dir='ltr'><strong>positis</strong></span> <span class='ocrx_word' id='word_1_489' title='bbox 1281 4860 1354 4926; x_wconf 90' lang='lat' dir='ltr'><strong>dein</strong></span> <span class='ocrx_word' id='word_1_490' title='bbox 1380 4862 1494 4925; x_wconf 80' lang='grc' dir='ltr'><em>τούτου</em></span> <span class='ocrx_word' id='word_1_491' title='bbox 1518 4865 1636 4926; x_wconf 88' lang='lat' dir='ltr'><strong>omisso</strong></span> <span class='ocrx_word' id='word_1_492' title='bbox 1661 4861 1757 4948; x_wconf 91' lang='lat' dir='ltr'><strong>paulo</strong></span> <span class='ocrx_word' id='word_1_493' title='bbox 1782 4861 1938 4926; x_wconf 88' lang='lat' dir='ltr'><strong>concisius</strong></span> <span class='ocrx_word' id='word_1_494' title='bbox 1963 4861 2165 4946; x_wconf 83' lang='lat' dir='ltr'><strong>expressit.²)</strong></span> 
     </span>
     <span class='ocr_line' id='line_1_40' title="bbox 234 4963 1558 5056; baseline 0.004 -27"><span class='ocrx_word' id='word_1_495' title='bbox 234 4963 277 5029; x_wconf 91' lang='lat' dir='ltr'><strong>Id</strong></span> <span class='ocrx_word' id='word_1_496' title='bbox 300 4973 386 5030; x_wconf 87' lang='lat' dir='ltr'><strong>certe</strong></span> <span class='ocrx_word' id='word_1_497' title='bbox 409 4972 537 5031; x_wconf 89' lang='lat' dir='ltr'><strong>constat</strong></span> <span class='ocrx_word' id='word_1_498' title='bbox 560 4965 714 5032; x_wconf 89' lang='lat' dir='ltr'><strong>Suidiaua</strong></span> <span class='ocrx_word' id='word_1_499' title='bbox 737 4989 806 5034; x_wconf 85' lang='lat' dir='ltr'><strong>esee</strong></span> <span class='ocrx_word' id='word_1_500' title='bbox 830 4991 893 5034; x_wconf 90' lang='lat' dir='ltr'><strong>non</strong></span> <span class='ocrx_word' id='word_1_501' title='bbox 917 4969 998 5032; x_wconf 79' lang='lat' dir='ltr'><strong>salsa</strong></span> <span class='ocrx_word' id='word_1_502' title='bbox 1021 4969 1070 5054; x_wconf 91' lang='lat' dir='ltr'><strong>(v.</strong></span> <span class='ocrx_word' id='word_1_503' title='bbox 1093 4967 1205 5032; x_wconf 83' lang='lat' dir='ltr'><strong>Flach.</strong></span> <span class='ocrx_word' id='word_1_504' title='bbox 1229 4968 1313 5033; x_wconf 88' lang='lat' dir='ltr'><strong>Viol.</strong></span> <span class='ocrx_word' id='word_1_505' title='bbox 1337 4969 1386 5033; x_wconf 90' lang='lat' dir='ltr'><strong>ed.</strong></span> <span class='ocrx_word' id='word_1_506' title='bbox 1410 4991 1441 5055; x_wconf 94' lang='lat' dir='ltr'><strong>p.</strong></span> <span class='ocrx_word' id='word_1_507' title='bbox 1467 4971 1558 5056; x_wconf 79' lang='lat'><strong>284).</strong></span> 
     </span>
    </p>
   </div>
   <div class='ocr_carea' id='block_1_6' title="bbox 237 5141 2165 5754">
    <p class='ocr_par' dir='ltr' id='par_1_8' title="bbox 238 5141 2165 5397">
     <span class='ocr_line' id='line_1_41' title="bbox 347 5141 2165 5220; baseline 0.001 -24"><span class='ocrx_word' id='word_1_508' title='bbox 347 5144 366 5212; x_wconf 91' lang='lat'><strong>¹)</strong></span> <span class='ocrx_word' id='word_1_509' title='bbox 386 5141 522 5198; x_wconf 87' lang='lat' dir='ltr'><strong>Similiter</strong></span> <span class='ocrx_word' id='word_1_510' title='bbox 540 5145 620 5200; x_wconf 87' lang='lat' dir='ltr'><strong>unice</strong></span> <span class='ocrx_word' id='word_1_511' title='bbox 639 5143 765 5200; x_wconf 83' lang='lat' dir='ltr'><strong>Eudocia</strong></span> <span class='ocrx_word' id='word_1_512' title='bbox 784 5145 894 5200; x_wconf 90' lang='lat' dir='ltr'><strong>Philoni</strong></span> <span class='ocrx_word' id='word_1_513' title='bbox 912 5144 1092 5214; x_wconf 83' lang='lat' dir='ltr'><strong>grammatico</strong></span> <span class='ocrx_word' id='word_1_514' title='bbox 1111 5143 1159 5210; x_wconf 79' lang='lat' dir='ltr'><strong>(ci.</strong></span> <span class='ocrx_word' id='word_1_515' title='bbox 1179 5157 1202 5198; x_wconf 90' lang='lat' dir='ltr'><strong>s.</strong></span> <span class='ocrx_word' id='word_1_516' title='bbox 1225 5144 1335 5215; x_wconf 72' lang='grc' dir='ltr'>Φίλων)</span> <span class='ocrx_word' id='word_1_517' title='bbox 1355 5144 1617 5220; x_wconf 76' lang='grc' dir='ltr'><em>ἐπιγράμματα</em></span> <span class='ocrx_word' id='word_1_518' title='bbox 1636 5159 1687 5200; x_wconf 86' lang='lat' dir='ltr'><strong>nec</strong></span> <span class='ocrx_word' id='word_1_519' title='bbox 1705 5159 1760 5200; x_wconf 92' lang='lat' dir='ltr'><strong>nou</strong></span> <span class='ocrx_word' id='word_1_520' title='bbox 1773 5143 1957 5200; x_wconf 77' lang='lat' dir='ltr'><strong>Christoduru</strong></span> <span class='ocrx_word' id='word_1_521' title='bbox 1975 5143 2054 5214; x_wconf 84' lang='lat' dir='ltr'><strong>spico</strong></span> <span class='ocrx_word' id='word_1_522' title='bbox 2073 5143 2121 5212; x_wconf 83' lang='lat' dir='ltr'><strong>(ci.</strong></span> <span class='ocrx_word' id='word_1_523' title='bbox 2142 5159 2165 5198; x_wconf 87' lang='lat' dir='ltr'><strong>s.</strong></span> 
     </span>
     <span class='ocr_line' id='line_1_42' title="bbox 239 5232 2165 5308; baseline 0.001 -22"><span class='ocrx_word' id='word_1_524' title='bbox 239 5235 447 5308; x_wconf 73' lang='lat' dir='ltr'><strong>xpectddcpcr)</strong></span> <span class='ocrx_word' id='word_1_525' title='bbox 465 5233 729 5308; x_wconf 72' lang='grc' dir='ltr'><em>ἐπιγράμματα</em></span> <span class='ocrx_word' id='word_1_526' title='bbox 748 5245 777 5290; x_wconf 88' lang='lat' dir='ltr'><strong>et</strong></span> <span class='ocrx_word' id='word_1_527' title='bbox 794 5235 938 5291; x_wconf 73' lang='grc' dir='ltr'><strong><em>ἐπιστολάς</em></strong></span> <span class='ocrx_word' id='word_1_528' title='bbox 958 5233 1123 5305; x_wconf 82' lang='lat' dir='ltr'><strong>adsignavit,</strong></span> <span class='ocrx_word' id='word_1_529' title='bbox 1143 5250 1259 5303; x_wconf 85' lang='lat' dir='ltr'><strong>quorum</strong></span> <span class='ocrx_word' id='word_1_530' title='bbox 1278 5235 1421 5290; x_wconf 86' lang='lat' dir='ltr'><strong>titulorum</strong></span> <span class='ocrx_word' id='word_1_531' title='bbox 1439 5234 1511 5290; x_wconf 79' lang='lat' dir='ltr'><strong>tides</strong></span> <span class='ocrx_word' id='word_1_532' title='bbox 1529 5235 1600 5290; x_wconf 86' lang='lat' dir='ltr'><strong>citra</strong></span> <span class='ocrx_word' id='word_1_533' title='bbox 1612 5251 1719 5290; x_wconf 89' lang='lat' dir='ltr'><strong>omnem</strong></span> <span class='ocrx_word' id='word_1_534' title='bbox 1733 5233 1934 5290; x_wconf 87' lang='lat' dir='ltr'><strong>dubitationem</strong></span> <span class='ocrx_word' id='word_1_535' title='bbox 1946 5233 2057 5288; x_wconf 90' lang='lat' dir='ltr'><strong>minime</strong></span> <span class='ocrx_word' id='word_1_536' title='bbox 2071 5232 2165 5303; x_wconf 86' lang='lat' dir='ltr'><strong>posita</strong></span> 
     </span>
     <span class='ocr_line' id='line_1_43' title="bbox 238 5323 1722 5397; baseline 0 -19"><span class='ocrx_word' id='word_1_537' title='bbox 238 5331 292 5378; x_wconf 86' lang='lat' dir='ltr'><strong>est.</strong></span> <span class='ocrx_word' id='word_1_538' title='bbox 329 5323 374 5380; x_wconf 86' lang='lat' dir='ltr'><strong>Sic</strong></span> <span class='ocrx_word' id='word_1_539' title='bbox 392 5323 523 5380; x_wconf 86' lang='lat' dir='ltr'><strong>choerilo</strong></span> <span class='ocrx_word' id='word_1_540' title='bbox 543 5341 653 5394; x_wconf 86' lang='lat' dir='ltr'><strong>quoque</strong></span> <span class='ocrx_word' id='word_1_541' title='bbox 671 5341 761 5381; x_wconf 88' lang='lat' dir='ltr'><strong>noune</strong></span> <span class='ocrx_word' id='word_1_542' title='bbox 781 5326 918 5397; x_wconf 81' lang='lat' dir='ltr'><strong>epistulas</strong></span> <span class='ocrx_word' id='word_1_543' title='bbox 936 5325 1073 5394; x_wconf 72' lang='lat' dir='ltr'><strong>(formose</strong></span> <span class='ocrx_word' id='word_1_544' title='bbox 1092 5323 1128 5378; x_wconf 87' lang='lat' dir='ltr'><strong>ad</strong></span> <span class='ocrx_word' id='word_1_545' title='bbox 1146 5324 1315 5379; x_wconf 76' lang='lat' dir='ltr'><strong>Archelaum</strong></span> <span class='ocrx_word' id='word_1_546' title='bbox 1334 5325 1428 5394; x_wconf 87' lang='lat' dir='ltr'><strong>datas)</strong></span> <span class='ocrx_word' id='word_1_547' title='bbox 1449 5323 1590 5394; x_wconf 73' lang='lat' dir='ltr'><strong>adfingere</strong></span> <span class='ocrx_word' id='word_1_548' title='bbox 1608 5325 1722 5396; x_wconf 83' lang='lat' dir='ltr'><strong>potuit?</strong></span> 
     </span>
    </p>

    <p class='ocr_par' dir='ltr' id='par_1_9' title="bbox 237 5411 2165 5754">
     <span class='ocr_line' id='line_1_44' title="bbox 346 5411 2165 5486; baseline 0 -19"><span class='ocrx_word' id='word_1_549' title='bbox 346 5411 369 5480; x_wconf 72' lang='lat'><strong>²)</strong></span> <span class='ocrx_word' id='word_1_550' title='bbox 390 5413 519 5468; x_wconf 82' lang='lat' dir='ltr'><strong>Cetemm</strong></span> <span class='ocrx_word' id='word_1_551' title='bbox 538 5414 634 5469; x_wconf 86' lang='lat' dir='ltr'><strong>nescio</strong></span> <span class='ocrx_word' id='word_1_552' title='bbox 653 5430 688 5469; x_wconf 87' lang='lat' dir='ltr'><strong>an</strong></span> <span class='ocrx_word' id='word_1_553' title='bbox 707 5413 833 5470; x_wconf 80' lang='lat' dir='ltr'><strong>Eudocia</strong></span> <span class='ocrx_word' id='word_1_554' title='bbox 852 5431 887 5470; x_wconf 87' lang='lat' dir='ltr'><strong>ex</strong></span> <span class='ocrx_word' id='word_1_555' title='bbox 904 5415 1089 5482; x_wconf 78' lang='lat' dir='ltr'><strong>Hermogenis</strong></span> <span class='ocrx_word' id='word_1_556' title='bbox 1107 5413 1169 5468; x_wconf 91' lang='lat' dir='ltr'><strong>loco</strong></span> <span class='ocrx_word' id='word_1_557' title='bbox 1188 5415 1265 5486; x_wconf 73' lang='lat' dir='ltr'><strong>(aspi</strong></span> <span class='ocrx_word' id='word_1_558' title='bbox 1285 5415 1369 5468; x_wconf 74' lang='grc' dir='ltr'><em>ἰδεῶν</em></span> <span class='ocrx_word' id='word_1_559' title='bbox 1388 5414 1425 5484; x_wconf 88' lang='grc' dir='ltr'><strong>ΙΙ,</strong></span> <span class='ocrx_word' id='word_1_560' title='bbox 1443 5431 1471 5484; x_wconf 92' lang='lat' dir='ltr'><strong>p.</strong></span> <span class='ocrx_word' id='word_1_561' title='bbox 1490 5416 1557 5484; x_wconf 84' lang='grc'><strong>399)</strong></span> <span class='ocrx_word' id='word_1_562' title='bbox 1580 5430 1678 5485; x_wconf 87' lang='lat' dir='ltr'><strong>parurn</strong></span> <span class='ocrx_word' id='word_1_563' title='bbox 1696 5414 1840 5470; x_wconf 86' lang='lat' dir='ltr'><strong>intellectu</strong></span> <span class='ocrx_word' id='word_1_564' title='bbox 1860 5413 1946 5468; x_wconf 83' lang='lat' dir='ltr'><strong>verbs</strong></span> <span class='ocrx_word' id='word_1_565' title='bbox 1965 5412 2014 5468; x_wconf 90' lang='lat' dir='ltr'><strong>illa</strong></span> <span class='ocrx_word' id='word_1_566' title='bbox 2037 5413 2165 5468; x_wconf 84' lang='lat' dir='ltr'><strong>hauserit</strong></span> 
     </span>
     <span class='ocr_line' id='line_1_45' title="bbox 237 5495 2163 5578; baseline 0.001 -22"><span class='ocrx_word' id='word_1_567' title='bbox 237 5495 427 5568; x_wconf 66' lang='lat' dir='ltr'><strong>t‘Eaeuraae‘or..</strong></span> <span class='ocrx_word' id='word_1_568' title='bbox 450 5510 525 5576; x_wconf 77' lang='grc' dir='ltr'><strong><em>παρ’</em></strong></span> <span class='ocrx_word' id='word_1_569' title='bbox 548 5497 583 5558; x_wconf 77' lang='grc' dir='ltr'><strong>οὗ</strong></span> <span class='ocrx_word' id='word_1_570' title='bbox 609 5503 643 5576; x_wconf 70' lang='grc' dir='ltr'><strong>δι]-</strong></span> <span class='ocrx_word' id='word_1_571' title='bbox 662 5507 784 5576; x_wconf 69' lang='lat' dir='ltr'><strong>petrum</strong></span> <span class='ocrx_word' id='word_1_572' title='bbox 803 5503 944 5576; x_wconf 71' lang='grc' dir='ltr'><strong>ὠφέληται</strong></span> <span class='ocrx_word' id='word_1_573' title='bbox 963 5501 977 5560; x_wconf 78' lang='grc' dir='ltr'>ὅ</span> <span class='ocrx_word' id='word_1_574' title='bbox 993 5501 1159 5578; x_wconf 73' lang='grc' dir='ltr'><strong>Ἡρόδοτος),</strong></span> <span class='ocrx_word' id='word_1_575' title='bbox 1184 5517 1266 5570; x_wconf 90' lang='lat' dir='ltr'><strong>quam</strong></span> <span class='ocrx_word' id='word_1_576' title='bbox 1289 5504 1477 5558; x_wconf 79' lang='lat' dir='ltr'><strong>uarradonenr</strong></span> <span class='ocrx_word' id='word_1_577' title='bbox 1500 5503 1533 5560; x_wconf 87' lang='grc' dir='ltr'><strong>Η.</strong></span> <span class='ocrx_word' id='word_1_578' title='bbox 1553 5505 1707 5560; x_wconf 83' lang='lat' dir='ltr'><strong>liollauder</strong></span> <span class='ocrx_word' id='word_1_579' title='bbox 1730 5504 1777 5574; x_wconf 89' lang='lat' dir='ltr'><strong>(ds</strong></span> <span class='ocrx_word' id='word_1_580' title='bbox 1796 5503 1893 5560; x_wconf 81' lang='lat' dir='ltr'><strong>Horat.</strong></span> <span class='ocrx_word' id='word_1_581' title='bbox 1913 5500 1972 5556; x_wconf 85' lang='lat' dir='ltr'><strong>llil.</strong></span> <span class='ocrx_word' id='word_1_582' title='bbox 1997 5509 2091 5557; x_wconf 80' lang='lat' dir='ltr'><strong>terrae</strong></span> <span class='ocrx_word' id='word_1_583' title='bbox 2115 5503 2163 5557; x_wconf 88' lang='lat' dir='ltr'><strong>de·</strong></span> 
     </span>
     <span class='ocr_line' id='line_1_46' title="bbox 240 5589 2165 5664; baseline 0.002 -22"><span class='ocrx_word' id='word_1_584' title='bbox 240 5589 391 5658; x_wconf 87' lang='lat' dir='ltr'><strong>scriptione</strong></span> <span class='ocrx_word' id='word_1_585' title='bbox 410 5607 437 5661; x_wconf 90' lang='lat' dir='ltr'><strong>p.</strong></span> <span class='ocrx_word' id='word_1_586' title='bbox 456 5593 483 5659; x_wconf 90' lang='grc'><strong>3,</strong></span> <span class='ocrx_word' id='word_1_587' title='bbox 501 5608 529 5646; x_wconf 83' lang='grc' dir='ltr'><strong>ιι.</strong></span> <span class='ocrx_word' id='word_1_588' title='bbox 547 5593 576 5662; x_wconf 79' lang='lat' dir='ltr'><strong>l)</strong></span> <span class='ocrx_word' id='word_1_589' title='bbox 603 5593 639 5648; x_wconf 89' lang='lat' dir='ltr'><strong>ad</strong></span> <span class='ocrx_word' id='word_1_590' title='bbox 658 5593 794 5648; x_wconf 86' lang='lat' dir='ltr'><strong>Herodoti</strong></span> <span class='ocrx_word' id='word_1_591' title='bbox 814 5593 908 5648; x_wconf 89' lang='lat' dir='ltr'><strong>stilum</strong></span> <span class='ocrx_word' id='word_1_592' title='bbox 926 5593 1025 5648; x_wconf 88' lang='lat' dir='ltr'><strong>merito</strong></span> <span class='ocrx_word' id='word_1_593' title='bbox 1044 5589 1168 5659; x_wconf 86' lang='lat' dir='ltr'><strong>rettulit;</strong></span> <span class='ocrx_word' id='word_1_594' title='bbox 1191 5597 1341 5659; x_wconf 88' lang='lat' dir='ltr'><strong>praeterea</strong></span> <span class='ocrx_word' id='word_1_595' title='bbox 1368 5591 1403 5648; x_wconf 85' lang='lat' dir='ltr'><strong>ci.</strong></span> <span class='ocrx_word' id='word_1_596' title='bbox 1423 5591 1455 5647; x_wconf 87' lang='lat' dir='ltr'><strong>G.</strong></span> <span class='ocrx_word' id='word_1_597' title='bbox 1474 5591 1620 5664; x_wconf 76' lang='lat' dir='ltr'><strong>ltueperus</strong></span> <span class='ocrx_word' id='word_1_598' title='bbox 1647 5593 1756 5658; x_wconf 78' lang='lat' dir='ltr'><strong>„Ueber</strong></span> <span class='ocrx_word' id='word_1_599' title='bbox 1781 5593 1870 5661; x_wconf 74' lang='lat' dir='ltr'><strong>einigs</strong></span> <span class='ocrx_word' id='word_1_600' title='bbox 1889 5589 2092 5648; x_wconf 82' lang='lat' dir='ltr'><strong>Sobriitsteller</strong></span> <span class='ocrx_word' id='word_1_601' title='bbox 2115 5593 2165 5646; x_wconf 86' lang='lat' dir='ltr'><strong>mit</strong></span> 
     </span>
     <span class='ocr_line' id='line_1_47' title="bbox 238 5676 1053 5754; baseline 0.004 -22"><span class='ocrx_word' id='word_1_602' title='bbox 238 5676 348 5735; x_wconf 81' lang='lat' dir='ltr'><strong>Names</strong></span> <span class='ocrx_word' id='word_1_603' title='bbox 367 5679 546 5736; x_wconf 80' lang='lat' dir='ltr'><strong>Hakstaeos“</strong></span> <span class='ocrx_word' id='word_1_604' title='bbox 567 5681 594 5734; x_wconf 93' lang='lat'><strong>11</strong></span> <span class='ocrx_word' id='word_1_605' title='bbox 614 5681 736 5752; x_wconf 81' lang='lat' dir='ltr'><strong>(Danaig</strong></span> <span class='ocrx_word' id='word_1_606' title='bbox 755 5682 846 5754; x_wconf 67' lang='lat'>1878),</span> <span class='ocrx_word' id='word_1_607' title='bbox 865 5699 892 5753; x_wconf 93' lang='lat' dir='ltr'><strong>p.</strong></span> <span class='ocrx_word' id='word_1_608' title='bbox 913 5685 946 5736; x_wconf 92' lang='grc'><strong>19</strong></span> <span class='ocrx_word' id='word_1_609' title='bbox 964 5698 991 5736; x_wconf 93' lang='lat' dir='ltr'><strong>u.</strong></span> <span class='ocrx_word' id='word_1_610' title='bbox 1010 5681 1053 5736; x_wconf 82' lang='lat' dir='ltr'><strong>to.</strong></span> 
     </span>
    </p>
   </div>
   <div class='ocr_carea' id='block_1_7' title="bbox 1973 5787 2005 5840">
    <p class='ocr_par' dir='ltr' id='par_1_10' title="bbox 1973 5787 2005 5840">
     <span class='ocr_line' id='line_1_48' title="bbox 1973 5787 2005 5840; baseline 0 -22"><span class='ocrx_word' id='word_1_611' title='bbox 1973 5787 2005 5840; x_wconf 55' lang='grc' dir='ltr'><strong>ῳ</strong></span> 
     </span>
    </p>
   </div>
   <div class='ocr_carea' id='block_1_8' title="bbox 0 0 2504 6452">
    <p class='ocr_par' dir='ltr' id='par_1_11' title="bbox 0 0 2504 6452">
     <span class='ocr_line' id='line_1_49' title="bbox 0 0 2504 6452; baseline 0 0"><span class='ocrx_word' id='word_1_612' title='bbox 0 0 2504 6452; x_wconf 95' lang='lat' dir='ltr'><strong> </strong></span> 
     </span>
    </p>
   </div>
  </div>
 </body>
</html>
