4990 6456
1032 565 1245 661 ,υ-

166 776 358 863 glossarum
383 794 455 839 eum
470 771 569 838 Suida
591 777 800 859 cognatarum
823 777 984 838 auctorem
1007 772 1092 840 hunc
1114 775 1219 860 ipsum
1242 771 1340 835 fuisse
1363 769 1647 853 demonstraretur,
1673 791 1786 857 parum
1808 775 1895 837 certe
1910 772 1980 836 veri
1994 770 2096 836 simile

168 905 243 948 esse
265 885 300 946 in
322 879 538 966 biographiois
561 878 648 943 illam
672 877 807 944 eundem
829 899 895 944 non
917 877 1102 945 adhibuisse
1123 880 1253 944 iontem.
1299 875 1362 944 Sed
1383 875 1506 942 nullam
1524 898 1593 942 esse
1609 875 1821 942 dubitationis
1837 899 1975 962 causam,
2000 899 2098 966 quau-

162 987 339 1074 doquidom
362 1007 534 1052 conmunes
565 986 657 1050 ambo
686 985 877 1050 thensauros
907 984 1165 1070 despoharerint.
1211 984 1297 1062 Quid
1324 983 1452 1071 igitur?
1485 982 1574 1047 Talis
1605 984 1809 1049 ratiocinatio
1837 1005 1914 1048 num
1941 985 1981 1050 ab
2009 987 2097 1050 omni

167 1085 266 1181 parte
288 1091 465 1181 probabilis
489 1093 562 1157 est?
586 1091 680 1157 Licet
703 1094 789 1157 euim
812 1091 851 1155 Ε.
875 1093 909 1156 in
930 1091 981 1157 his
1004 1091 1242 1158 narrationibus
1265 1091 1305 1157 ad
1327 1089 1504 1156 fabularem
1521 1089 1709 1176 plerumque
1725 1089 1895 1156 historiam
1911 1092 2097 1177 pertinenti·

81 1273 91 1283 ,
167 1203 233 1268 bus
248 1200 379 1267 Suidam
401 1221 465 1264 nou
488 1197 711 1284 conpilarerit,
735 1197 809 1264 hino
831 1203 939 1262 tamen
961 1199 1090 1264 minime
1110 1221 1307 1285 consequens
1323 1203 1373 1263 est
1387 1198 1420 1262 in
1435 1195 1656 1283 biographiois
1672 1197 1760 1262 illam
1776 1197 1908 1263 eundem
1923 1199 2096 1285 ignorasse.

167 1308 236 1374 Sed
258 1307 333 1373 illae
354 1307 482 1393 glossae
505 1326 523 1369 e
545 1307 696 1372 conmuni
718 1305 807 1370 fonte
829 1326 870 1369 ne
893 1325 1003 1370 omnes
1027 1306 1154 1392 quidem
1177 1304 1330 1371 deductae
1354 1325 1424 1370 esse
1445 1302 1605 1387 videntur,
1629 1305 1727 1367 immo
1749 1303 1837 1369 haud
1860 1325 1981 1389 paucae
2001 1304 2097 1370 talem

168 1437 250 1502 prae
272 1437 307 1479 se
330 1415 439 1478 ferunt
461 1411 602 1478 indolem
625 1417 663 1478 ut
691 1410 835 1478 eSuida
861 1433 926 1476 non
956 1419 1102 1498 repetere
1128 1433 1278 1498 nequeas,
1310 1431 1389 1496 quas
1416 1431 1495 1475 cave
1525 1431 1600 1475 cum
1623 1409 1754 1476 Flachio
1781 1415 1827 1496 (p.
1852 1410 1908 1498 87)
1938 1411 2098 1498 suspicere

170 1543 285 1588 recens
308 1519 435 1586 demum
458 1518 591 1585 eSuida
614 1539 683 1584 esse
706 1516 861 1583 adiectae:
886 1515 959 1602 napi
978 1519 1145 1604 Ἀβάριάος
1169 1520 1289 1596 ὀϊστοῦ,
1313 1517 1465 1592 Midae
1482 1516 1606 1599 κυνέης,
1630 1542 1662 1580 π.
1682 1516 1877 1601 Ἀλιτηρέων,
1901 1543 1933 1580 π.
1948 1517 2097 1594 Ἀπάλων,

171 1657 207 1692 π.
233 1635 351 1713 Βηροῦ,
382 1653 414 1690 π.
440 1625 570 1709 Γάγγου,
600 1651 632 1688 τι.
657 1635 712 1690 τοῦ
738 1623 867 1709 δέρατος
890 1632 945 1689 τοῦ
971 1649 1078 1710 χρυσ,
1106 1651 1139 1690 π.
1163 1625 1245 1704 Διός,
1276 1651 1308 1688 π.
1330 1623 1525 1708 Ἰαιοναρέου,
1550 1649 1582 1687 π.
1606 1631 1671 1686 τῶν
1696 1623 1856 1687 κολάσεων
1879 1649 1907 1688 κ.
1932 1649 1959 1687 τ.
1983 1632 2022 1702 λ.,
2052 1625 2097 1701 εἰς

172 1736 385 1820 Κυνόσαργες,
409 1759 441 1796 π.
461 1733 609 1821 Ὀρφέως,
634 1759 666 1797 π.
684 1731 903 1816 Πολυγνώτου,
928 1759 959 1795 π.
977 1734 1168 1818 Πολυζήλου,
1193 1761 1225 1798 τι.
1243 1733 1400 1818 Πριάπου,
1425 1759 1457 1796 π.
1474 1730 1736 1814 Σαρδαναπάλου.
1781 1731 1831 1796 De
1853 1731 1980 1798 duobus
2003 1754 2098 1818 porro

169 1842 321 1908 articulis
344 1835 441 1928 paulo
463 1841 622 1927 prolixius
646 1840 810 1925 disputare
832 1840 939 1906 liceat.
986 1840 1033 1905 Αο
1056 1843 1194 1925 primum
1217 1839 1345 1926 quidem
1375 1839 1419 1926 gl.
1444 1861 1470 1903 s.
1494 1837 1631 1914 Δι’κτυς
1660 1861 1679 1903 a
1704 1835 1803 1903 Suida
1829 1837 1937 1903 ahena
1963 1843 2014 1905 est
2041 1839 2098 1925 (oi.

171 1949 327 2018 Flaohius
349 1971 381 2034 p.
407 1955 448 2013 79
472 1949 549 2036 sq.)‚
572 1948 675 2014 verba
697 1955 803 2013 tamen
827 1947 940 2011 τούτου
963 1945 1085 2031 ἱστορία
1101 1974 1129 2010 κ.
1147 1973 1174 2011 τ.
1191 1953 1229 2024 λ,
1254 1967 1336 2032 quae
1358 1945 1514 2033 peculiari
1537 1947 1660 2011 auctori
1678 1943 1842 2023 debentur,
1865 1951 1992 2012 tantum
2007 1945 2098 2011 abest

172 2065 213 2122 nt
234 2056 471 2141 Hesychiauam
494 2054 658 2121 redoleant
680 2056 848 2141 originem,
877 2061 915 2120 ut
937 2075 1045 2120 rerum
1068 2057 1219 2139 scriptori
1241 2073 1336 2140 quem
1358 2053 1435 2117 item
1458 2050 1574 2116 Suidas
1606 2049 1791 2118 adhibuerit
1812 2051 2001 2118 vindicanda
2029 2073 2098 2117 esse

173 2163 354 2230 videantur.
401 2163 483 2228 Nolo
507 2161 654 2248 equidem
676 2167 778 2228 totam
802 2163 840 2228 de
863 2162 984 2248 Dictys
1006 2165 1223 2247 quaestionem
1245 2183 1331 2227 nuuc
1355 2165 1528 2226 retractare
1560 2160 1618 2247 [cf.
1645 2161 1742 2225 etiam
1765 2159 1917 2226 Flaohius
1940 2160 1961 2224 l.
1985 2160 2008 2226 l.
2035 2167 2097 2226 153

168 2295 235 2357 sq„
259 2270 344 2336 Viol.
365 2269 414 2335 cd.
430 2291 462 2354 p.
481 2270 570 2358 221),
594 2275 630 2335 at
652 2290 755 2356 pauca
777 2270 938 2336 conferam
961 2267 1002 2334 ad
1024 2269 1124 2334 verba
1146 2271 1313 2354 utriusque
1336 2267 1460 2354 glossae
1483 2266 1694 2332 emendanda:
1718 2289 1852 2354 reponas
1875 2268 2025 2333 nimirum
2047 2291 2098 2354 ap.

172 2376 296 2443 Eudoc.
318 2376 429 2452 Δι’κτυς
453 2374 469 2442 ὅ
494 2375 561 2439 κατ’
582 2375 676 2460 Κρής,
701 2375 775 2442 dein
798 2367 842 2440 ὧν
865 2378 905 2440 ἐν
927 2371 975 2440 ἔνι’
998 2373 1108 2459 εὕρητο
1133 2376 1190 2460 (oi.
1207 2373 1321 2461 suia).
1370 2373 1454 2438 Dein
1469 2373 1587 2439 Suidae
1609 2375 1680 2438 vita
1703 2379 1752 2438 est
1767 2371 1944 2459 tripertita:
1970 2376 2003 2463 1)
2026 2373 2098 2440 Δι’κ-

175 2509 231 2560 τυς
247 2522 291 2531 -
305 2473 396 2559 οὗτος
419 2481 548 2567 ἔγραψε.
596 2482 632 2567 2)
654 2481 728 2548 inde
752 2481 918 2569 usquead
941 2481 989 2547 ὅτι
1013 2481 1197 2548 eathland.
1246 2481 1502 2568 3)hincusque
1526 2479 1694 2546 adfinem.
1741 2479 1804 2546 Sed
1826 2482 1929 2567 prima
1943 2481 2101 2566 particula

173 2590 337 2674 Hesychio
361 2609 493 2674 prorsus
516 2588 616 2676 digna
639 2591 756 2654 misere
778 2588 921 2656 lacerata
944 2596 1003 2655 est.
1049 2589 1185 2655 Tradita
1206 2591 1290 2654 enim
1314 2588 1392 2654 haec
1416 2593 1509 2653 sunt:
1533 2591 1566 2653 Δ.
1590 2585 1728 2672 ἔγραψεν
1750 2586 1925 2675 ἐφημερέδυ
1938 2611 1946 2627 ·
1959 2586 2040 2652 ἔστι
2061 2589 2099 2652 δὲ

173 2701 213 2760 τά
237 2697 331 2776 μεθ’
348 2695 537 2780 Ὅμηρον...
560 2696 693 2759 Ἰταλικά
718 2696 793 2785 (scr.
817 2694 955 2784 Ἰλιιτκά),
990 2701 1131 2781 Τρωικοῦ
1157 2695 1341 2776 διακόσμου.
1388 2695 1427 2760 In
1450 2693 1502 2760 his
1525 2696 1625 2760 verba
1647 2693 1714 2758 ἔστι
1740 2695 1772 2758 di
1796 2721 1824 2759 κ.
1848 2719 1876 2758 τ.
1900 2702 1926 2760 λ.
1955 2703 2042 2762 recte
2066 2719 2099 2762 ee

172 2803 305 2886 habent,
334 2805 454 2889 quippe
477 2802 595 2888 quibus
618 2803 694 2868 libri
716 2802 867 2889 ἑφημερές
890 2809 1116 2890 argumentum
1139 2803 1350 2869 adumbretur
1373 2802 1428 2890 (cf.
1453 2823 1478 2866 s.
1503 2801 1700 2887 Πείσανδρος
1724 2802 1840 2891 Καμ.),·
1864 2809 1899 2868 at
1921 2803 2030 2868 eadem
2052 2826 2101 2870 rc·

172 2912 343 2996 fragantur
366 2912 471 2995 operis
502 2908 587 2994 quod
618 2911 792 2975 etiamnum
820 2916 913 2976 extat
940 2909 1117 2976 condicioni
1148 2915 1252 2976 totum
1282 2908 1403 2976 bellurn
1427 2909 1604 2974 Troianum
1633 2909 1871 2996 conplectentis.
1917 2907 2023 2983 Quare
2052 2913 2099 2977 sic

171 3016 268 3082 velim
291 3015 448 3103 refingas:
478 3015 544 3080 ἔστι
571 3016 603 3080 δὲ
628 3019 666 3080 τὰ
691 3018 779 3080 καθ’
797 3016 971 3102 Ὅμηρον..
994 3017 1139 3081 Ἰλιακά
1163 3016 1265 3104 (quod
1287 3037 1403 3081 nomen
1427 3039 1500 3082 oum
1529 3016 1749 3100 superioribus
1776 3023 1846 3082 arte
1873 3015 2099 3084 conectendum

172 3123 218 3188 ab
241 3121 434 3210 ,,ἑφημερι’ς“
458 3123 506 3187 nil
534 3121 664 3210 differt).
710 3123 834 3190 Deinde
865 3125 964 3191 verba
992 3130 1133 3208 Τρωικοῦ
1161 3127 1188 3187 ὃ.
1221 3129 1279 3189 aut
1305 3123 1346 3188 ad
1377 3125 1544 3209 sequentia
1571 3124 1673 3208 πάσης
1694 3125 1825 3210 Ἰλιιτκῆς
1854 3123 2037 3200 ι’·ποθέσεως
2066 3129 2100 3190 in

173 3231 318 3316 margine
341 3228 504 3316 adscripta
525 3230 633 3313 fuisse,
658 3235 715 3296 aut
737 3267 778 3280 -·
803 3251 867 3316 quo
890 3234 993 3318 magis
1015 3232 1153 3297 inchoat
1177 3233 1283 3317 opinio
1298 3269 1342 3278 —
1358 3232 1431 3295 voci
1448 3227 1562 3294 Ἰλιυκά
1588 3231 1767 3317 exphcandi
1789 3233 1898 3318 gratia
1921 3231 2100 3297 adhaesisse

172 3335 332 3418 videntur,
356 3333 441 3400 unde
464 3335 542 3402 haec
565 3336 675 3401 forent
697 3335 891 3423 supplenda:
912 3337 953 3400 Ἰ.
978 3335 997 3423 ἢ
1019 3340 1063 3401 τὰ
1087 3347 1154 3402 τοῦ
1177 3343 1318 3422 Τρωικοῦ
1337 3337 1521 3418 διακόσμου.
1569 3336 1663 3414 Quod
1680 3345 1856 3403 extremum
1871 3337 2003 3404 verbum
2018 3339 2099 3404 idem

169 3447 226 3507 est
258 3441 342 3528 quod
371 3441 505 3522 πόλεμος
537 3442 594 3530 (of.
623 3440 707 3507 Eud.
737 3443 912 3530 ἐφημερέάα
941 3453 996 3508 τοῦ
1034 3451 1087 3530 Τρ.
1118 3443 1266 3526 πολέμου,
1299 3452 1331 3511 et
1358 3444 1448 3509 Suid.
1478 3445 1564 3510 infra
1594 3447 1652 3508 τὸν
1680 3451 1734 3530 Τρ.
1759 3445 1907 3528 περιέχον
1937 3445 2099 3534 πόλεμον).

172 3548 361 3614 Ceterorum
385 3551 562 3614 sententias
584 3549 731 3615 oonsnlto
758 3551 882 3617 reticui.
928 3552 1099 3619 Praeterea
1125 3553 1160 3617 in
1190 3551 1312 3617 alienas
1341 3557 1450 3637 partes
1479 3550 1608 3618 discedo
1637 3551 1675 3616 de
1704 3553 1802 3618 variis
1826 3551 2099 3640 Theognidis

171 3655 252 3720 vitis
275 3655 330 3742 (ot
354 3654 506 3721 Fluchius
528 3656 550 3721 l.
575 3655 597 3720 l.
623 3663 675 3740 83,
699 3655 784 3722 Viol.
808 3656 856 3722 ed.
880 3680 911 3744 p.
938 3664 1012 3740 367,
1037 3659 1128 3745 375),
1153 3679 1233 3745 quas
1255 3658 1442 3724 brevissime
1465 3657 1516 3724 hic
1539 3658 1682 3724 subicere
1705 3658 1827 3746 placet:

282 3769 309 3834 I.
332 3767 416 3834 Eud.
440 3793 471 3856 p.
496 3777 558 3835 366
583 3770 686 3858 (Fl.):
712 3769 889 3855 Θέογνις,
914 3764 992 3849 εἷς..
1016 3781 1134 3837 τῶν...
1159 3774 1422 3857 τυράννων...

264 3877 310 3942 Π.
335 3899 364 3962 p.
390 3883 472 3942 367:
497 3876 559 3942 Kos*
583 3876 749 3962 θέογνις
772 3878 877 3963 ἕτερος
902 3881 1117 3966 Μεγαρεύς
1142 3920 1186 3929 -
1209 3881 1443 3966 ποραινετικάς.

246 3983 309 4049 ΠΙ.
333 3982 429 4048 ibid:
453 3980 515 4048 Kal
541 3986 589 4060 O„
613 3986 975 4072 τραγῳδοποιητὴς
999 4025 1040 4037 -
1064 3987 1196 4072 ἐλέγετο.

252 4089 308 4155 IV.
332 4088 530 4154 ibid.:¹‘h'csr
555 4091 588 4154 δὲ
612 4089 667 4154 καί
689 4093 858 4176 ποιητὴς
883 4097 976 4178 Μεγ.
1000 4133 1044 4142 -
1069 4094 1245 4179 θέογνις.

332 4198 378 4262 At
401 4199 436 4260 in
459 4204 672 4281 poetarum
694 4221 794 4286 grege
816 4200 850 4264 hi
872 4199 935 4264 duo
958 4207 1164 4268 moensentur
1187 4225 1218 4288 p.
1244 4208 1325 4267 375:

263 4304 304 4368 V.
330 4301 500 4386 θέογυις,
525 4309 620 4388 Μεγ.
643 4344 687 4354 —-
711 4305 814 4369 πάντα
837 4308 977 4384 ἑκτικῶς
1001 4307 1113 4397 (quam
1135 4329 1245 4376 vocem
1268 4309 1336 4375 noli
1360 4313 1525 4396 temptare,
1549 4311 1589 4376 cf.
1616 4309 1676 4394 „de
1699 4311 1732 4378 S.
1756 4313 1807 4377 b.“
1835 4317 1898 4376 42⁷
1922 4335 1954 4376 n.
1980 4311 2046 4398 18).

250 4409 308 4474 VI.
332 4409 427 4477 ibid:
452 4409 514 4477 Kar·
535 4409 641 4496 ἕτερος
667 4411 830 4496 Θέογνις
853 4415 1167 4501 τραγῳδοποιός.

285 4524 325 4588 In
348 4524 399 4590 his
422 4527 530 4612 ecquis
553 4548 618 4593 non
641 4530 775 4594 miretur
797 4529 983 4615 Endooiam,
1014 4551 1095 4616 quae
1119 4529 1315 4617 Theognidis
1345 4531 1475 4614 tyranni
1504 4531 1591 4598 vitae
1620 4531 1775 4618 peculiari
1797 4555 1814 4598 e
1836 4532 1933 4616 fonte,
1963 4555 2028 4598 non
2059 4555 2099 4598 ea

172 4630 276 4695 schol.
299 4630 357 4696 Ar.
381 4631 525 4698 Acharn.
553 4641 591 4698 11
618 4633 805 4721 desumptae
827 4673 871 4684 —-
893 4658 952 4704 neo
979 4639 1141 4703 recensuit
1172 4637 1266 4703 illum
1293 4639 1328 4702 in
1357 4659 1455 4724 grege
1484 4638 1647 4705 hominum
1675 4639 1793 4706 litteris
1821 4662 1885 4704 uon
1914 4639 2098 4726 insignium,

170 4737 216 4801 oi.
243 4736 301 4822 „dc
324 4735 357 4804 S.
380 4737 433 4806 b.“
459 4745 522 4804 427
546 4779 600 4824 -,
626 4739 705 4807 duas
728 4749 834 4808 tresve
857 4741 895 4808 de
922 4743 1164 4830 cognominibus
1187 4745 1292 4828 poetis
1321 4747 1504 4810 notationes
1534 4743 1745 4814 adnexuerit?
1789 4746 1910 4814 Verum
1932 4745 2099 4812 Flachiuur

175 4865 240 4908 non
262 4846 342 4910 satis
364 4845 521 4934 adsequor
544 4847 581 4936 (l.
604 4848 647 4935 c.)
670 4849 717 4915 ita
739 4845 941 4936 loquentem:
967 4851 1024 4935 „a
1048 4850 1185 4916 handelt
1205 4851 1276 4916 hier
1290 4873 1355 4916 von
1369 4850 1558 4937 politischen
1575 4853 1727 4937 (troesen,
1750 4852 1841 4920 nieht
1854 4873 1920 4919 von
1932 4852 2098 4930 Dichtsrn‚

170 4948 223 5015 sie
245 4949 368 5016 konnte
390 4952 468 5018 aber
490 4954 581 5022 nicht
604 4954 859 5044 verschweigen‚
889 4953 962 5024 dass
993 4955 1050 5024 der
1072 4957 1207 5043 Tyrann
1237 4959 1290 5024 ein
1318 4957 1499 5044 tragischer
1521 4957 1656 5027 Dichter
1687 4981 1833 5047 genesen
1863 4963 1963 5028 war.“
2010 4958 2099 5025 Idem

174 5076 272 5143 porro
294 5061 412 5124 statuit
433 5060 540 5125 verbis
564 5059 646 5148 (ΙΙΙ)
671 5061 725 5126 κου’
741 5062 865 5147 θέυγνις
881 5101 926 5116 -
939 5063 1061 5148 ἐλέγετο
1083 5064 1177 5152 (haec
1201 5063 1327 5130 demum
1349 5085 1421 5130 cum
1444 5063 1618 5132 scholiasta
1639 5065 1832 5134 concordant
1854 5067 1978 5132 omissis
1992 5071 2099 5131 tamen

172 5161 283 5228 verbis
306 5165 342 5227 ἐκ
365 5174 429 5230 τῶν
452 5165 491 5250 λ’,
515 5167 572 5232 sed
595 5165 730 5234 eSuida
752 5171 859 5256 potius
882 5169 1043 5256 descripta
1059 5171 1223 5260 videntur)
1247 5167 1396 5238 lectorem
1412 5171 1551 5258 aliquem
1566 5171 1611 5259 gl.
1628 5173 1759 5240 alterius
1782 5173 1831 5260 (p.
1848 5175 1928 5264 375)
1949 5175 2097 5260 ignarum

172 5268 368 5354 perductum
390 5273 489 5338 inisse
513 5279 551 5340 ut
573 5273 772 5362 Theognidis
794 5277 995 5364 Megareusis
1017 5279 1118 5343 vitam
1140 5301 1159 5344 e
1182 5277 1283 5344 Suida
1304 5277 1453 5357 adiceret,
1477 5277 1573 5364 idque
1595 5282 1660 5344 iam
1683 5299 1740 5364 per
1761 5280 1858 5345 ahum
1881 5283 2020 5368 genuina
2035 5279 2099 5345 Eu·

173 5373 286 5440 dociae
308 5375 418 5463 glossa
440 5379 558 5445 notifia
580 5379 661 5470 (IV)
684 5378 751 5446 ἔστι
776 5381 809 5446 a
833 5421 876 5432 -
903 5382 1028 5468 θέογυις
1051 5383 1164 5452 ditata
1210 5385 1328 5471 Itaque
1350 5385 1524 5452 Eudociam
1547 5387 1585 5452 de
1608 5409 1672 5452 nno
1695 5389 1799 5474 egisse
1827 5393 1931 5472 posta,
1959 5387 2099 5474 quando·

175 5480 306 5566 quidem
330 5487 428 5549 ceteri
457 5485 522 5550 duo
551 5485 650 5553 iidem
679 5496 796 5555 esseut.
842 5489 930 5556 Haec
958 5490 1087 5576 quidem
1109 5491 1274 5558 blachiae.
1320 5491 1383 5557 Sed
1411 5495 1446 5556 ni
1476 5493 1561 5560 suffit
1588 5496 1697 5580 opinio
1726 5501 1840 5579 poetae
1867 5503 1937 5561 tam
1967 5493 2100 5580 elegiaci

173 5607 274 5674 quam
296 5589 413 5677 tragici
435 5596 622 5659 memoriam
644 5597 716 5682 ipsa
728 5595 769 5661 E.
792 5596 842 5663 bis
865 5599 1030 5664 enarravit
1052 5595 1148 5684 idque
1169 5597 1264 5663 huius
1287 5599 1466 5664 iterationis
1489 5601 1605 5679 nescia,
1629 5622 1693 5687 qua
1715 5605 1749 5667 in
1768 5623 1803 5667 re
1819 5622 1912 5666 nemo
1926 5600 2099 5666 haesitabit

172 5695 236 5780 qui
257 5696 528 5778 consuetudinem,
559 5721 625 5787 qua
646 5699 704 5766 illa
726 5699 765 5769 de
787 5702 900 5768 iisdem
924 5703 1107 5768 hominibus
1129 5703 1302 5770 identidem
1324 5725 1419 5791 agere
1440 5706 1678 5792 praeclarisque
1700 5708 1881 5774 nominibus
1908 5706 2098 5788 ὁμωνύμους
