4990 6456
1361 579 1379 634 6

406 791 516 872 petere
539 783 714 850 dubitavit.
761 783 860 850 Porro
882 783 1037 848 librorum
1062 787 1245 849 memoriam
1270 808 1295 851 s.
1321 786 1505 868 Μάξιμος
1534 784 1677 866 Τύριος
1701 785 1863 871 epropria
1878 783 2037 848 Eudociae
2057 785 2175 849 notitia
2189 805 2347 849 manasse

409 891 561 960 Flachius
577 893 623 978 (p.
641 893 700 978 41)
714 893 784 977 ipse
799 889 941 976 largitur
957 889 1012 974 toi.
1028 889 1213 955 Nitaschius
1227 912 1260 977 p.
1276 899 1330 976 42,
1346 892 1575 978 Bernhardyus
1591 913 1621 976 p.
1638 891 1779 978 XXXI).
1817 889 1997 956 Pleniorem
2014 889 2151 976 denique
2168 913 2194 956 s.
2212 897 2254 956 M
2261 893 2350 974 νρού

407 997 554 1065 tabulam
576 997 629 1063 vcl
652 997 693 1063 ob
716 996 909 1084 singularem
934 998 1002 1062 eius
1025 1003 1173 1061 naturam
1197 998 1325 1064 aliunde
1354 999 1502 1066 haustam
1528 1019 1596 1063 esse
1618 997 1848 1082 Bernhardyus
1879 997 1914 1082 (l.
1938 996 1978 1082 l.)
2007 999 2173 1064 verissime
2202 1003 2350 1065 monuit.

515 1103 639 1170 Dehinc
660 1109 889 1188 percenseatur
910 1105 956 1188 (p.
974 1105 1031 1177 41)
1053 1101 1273 1169 additamenta
1289 1107 1323 1170 in
1338 1105 1458 1192 glossis
1474 1129 1499 1170 s.
1524 1105 1742 1192 Μητροράνης
1766 1103 1945 1186 Λεβαιλεύς,
1974 1103 2150 1181 Μένιππος,
2176 1105 2349 1189 Νεάνθης,

410 1211 550 1292 Πρόκλος
573 1209 606 1298 (ὃ
623 1211 767 1294 δεύτερος
785 1208 991 1296 Μαλλώτης),
1016 1210 1204 1291 ΙΙροιιὸπιος,
1228 1211 1405 1296 Σιβύρτιος,
1428 1213 1620 1288 Σαλούστιος
1645 1211 1835 1295 Μοψεάτης,
1859 1211 2041 1294 §noviper
2065 1213 2171 1277 obvia.
2218 1214 2349 1278 Verum

407 1321 440 1384 in
463 1319 507 1406 gl.
533 1341 558 1384 s.
583 1319 849 1406 Mqtpoptivqg
872 1316 904 1381 id
928 1318 1022 1381 velim
1045 1318 1199 1403 respicias
1222 1319 1324 1384 verba
1346 1318 1465 1403 ἔγραψε
1490 1319 1573 1382 πάνυ
1596 1327 1701 1395 καλῶς
1733 1327 1808 1404 post
1832 1319 1903 1400 arpo*
1926 1327 1990 1382 τῶν
2014 1319 2225 1404 χαρακτῆρσιν
2249 1321 2349 1386 Πλά-

408 1449 506 1502 τωνος
529 1447 597 1491 esse
627 1426 781 1508 subiecta,
810 1443 945 1509 quorum
974 1421 1095 1489 indoles
1124 1425 1226 1509 ipsam
1250 1425 1424 1492 Eudociam
1455 1429 1491 1490 in
1517 1427 1662 1492 Platonis
1691 1429 1818 1510 seriptis
1848 1433 2009 1492 versatam
2041 1427 2095 1513 (cf.
2123 1447 2223 1511 supra
2249 1449 2281 1510 p.
2302 1431 2349 1514 4)

408 1554 465 1597 nec
488 1533 622 1597 fortasse
644 1532 741 1596 huius
764 1532 864 1616 ipsius
886 1533 1094 1596 coementarii
1116 1533 1262 1617 ignaram
1293 1555 1331 1598 ea
1359 1533 1563 1600 adnotavisse
1590 1535 1719 1600 evincit.
1732 1534 1757 1618 ¹)
1802 1533 1957 1619 Sequitur
1986 1535 2020 1598 in
2051 1535 2096 1620 gl.
2124 1535 2348 1610 Μένιππος

408 1647 481 1724 post
509 1637 642 1704 titulum
674 1638 844 1722 Κέρκωπας
875 1637 988 1702 fabula
1009 1637 1119 1722 Ὅροις
1148 1640 1314 1724 inscripta,
1347 1643 1438 1705 cuius
1466 1640 1544 1706 fides
1574 1643 1609 1704 in
1640 1662 1774 1726 gravem
1806 1639 1896 1706 eadit
1927 1640 2142 1706 offensionem.
2190 1641 2273 1706 Nam
2304 1639 2346 1706 id

407 1747 610 1832 potissimum
633 1745 722 1810 subit
746 1747 855 1809 mirari
879 1743 965 1829 quod
988 1745 1100 1810 comici
1124 1751 1246 1829 poetae,
1275 1768 1368 1831 quem
1394 1747 1574 1830 „facticium
1598 1753 1696 1833 atque
1723 1767 1765 1811 er
1789 1746 1960 1832 Hermippi
1982 1785 2027 1794 —
2049 1751 2141 1812 cuius
2168 1747 2345 1832 Κέρνοιπες

409 1853 578 1918 notissima
608 1859 658 1918 est
687 1851 795 1917 fabula
824 1889 868 1899 --
895 1853 1024 1916 nomine
1053 1852 1214 1916 detortum
1245 1857 1333 1918 esse“
1366 1853 1544 1919 hlainelrius
1573 1855 1625 1941 (F.
1655 1853 1690 1919 Ο.
1715 1851 1755 1918 G.
1781 1854 1799 1918 Ι
1826 1854 1909 1937 494)
1939 1875 2094 1939 perquam
2127 1853 2346 1938 probabiliter

408 1961 551 2038 coniecit,
585 1958 714 2024 fabulae
743 1958 876 2022 titulum
905 1960 960 2044 qui
990 1979 1067 2022 num
1097 1959 1222 2045 integer
1255 1962 1299 2024 sit
1327 1982 1367 2025 ne
1396 1966 1522 2027 constat
1551 1961 1676 2047 quidem
1709 1961 1825 2026 nedum
1858 1983 1923 2046 qua
1951 1961 2075 2025 ratione
2104 1964 2342 2046 interpreteris,

409 2067 554 2132 Violario
577 2067 646 2131 solo
669 2065 822 2132 oblivioni
845 2073 989 2148 ereptum
1012 2067 1180 2131 cernimus.
1228 2067 1344 2152 Itaque
1361 2069 1394 2131 ni
1416 2067 1508 2131 illum
1528 2066 1678 2132 eSuidae
1701 2066 1792 2131 libris
1816 2067 1972 2132 excidisse
1995 2089 2119 2132 sumere
2135 2068 2234 2132 mavis
2247 2107 2290 2116 -
2304 2067 2342 2132 id

408 2173 494 2260 quod
517 2173 595 2238 mihi
621 2172 747 2258 quidem
773 2194 885 2259 parom
908 2171 1034 2236 adridet
1050 2195 1164 2258 -per
1184 2194 1322 2238 errorem
1338 2175 1394 2238 vix
1409 2173 1632 2258 explicabilem
1648 2195 1763 2237 nomen
1778 2171 1858 2236 illud
1875 2173 1937 2238 huc
1952 2175 2142 2260 inmigrasse
2156 2175 2346 2259 arbitror.¹)

408 2281 510 2345 Porro
533 2279 571 2344 Ε.
602 2281 635 2344 in
664 2279 709 2366 gl.
740 2301 765 2342 Β.
793 2283 824 2343 N
828 2278 978 2361 edvthg
1008 2279 1058 2344 his
1087 2281 1218 2366 scriptis
1241 2279 1372 2345 Sitidam
1402 2287 1592 2366 exsuperat:
1624 2279 1696 2364 πιρί
1727 2279 1913 2363 κακοζρλύας
1945 2279 2111 2364 ῥητορικῆς
2143 2280 2197 2344 καί
2226 2281 2344 2362 λόγους

409 2391 541 2464 πολλούς
570 2385 810 2471 πανηγυρικούς,
839 2407 921 2472 quae
944 2389 978 2450 in
995 2385 1192 2471 plenioribus
1218 2385 1334 2452 Suidae
1357 2387 1452 2452 libris
1476 2386 1647 2472 aliquando
1675 2390 1826 2452 extitisse
1854 2395 2024 2473 propterea
2051 2391 2220 2470 existumo,
2251 2387 2345 2474 quod

407 2515 492 2560 nunc
515 2494 601 2582 apud
618 2493 749 2561 Suidam
774 2503 900 2579 praeter
923 2515 1045 2559 omnem
1069 2495 1136 2558 fere
1158 2493 1419 2559 consuetudinem
1445 2498 1565 2558 omissa
1587 2503 1638 2558 est
1653 2495 1808 2560 Neanthis
1833 2497 2025 2580 scriptorum
2047 2495 2168 2560 tabula.
2216 2493 2342 2559 Eadem

407 2603 487 2668 mihi
512 2625 601 2668 mens
624 2611 673 2668 est
696 2602 736 2667 de
758 2603 921 2667 tabulas.
946 2601 1142 2682 Πρόκλος,
1166 2603 1354 2687 praesertim
1378 2622 1451 2666 cum
1467 2601 1500 2665 S.
1524 2604 1558 2665 in
1581 2601 1719 2684 siugulis
1743 2601 1888 2666 Proculis
1911 2600 2112 2666 recensendis
2135 2601 2343 2686 singulorum

408 2731 536 2796 quoque
562 2731 658 2794 opera
691 2717 817 2796 praeter
845 2707 930 2772 hunc
957 2708 1129 2773 Proculum
1161 2706 1313 2773 adcurate
1343 2705 1548 2773 denotaverit
1576 2711 1730 2794 (ceterum
1765 2710 1806 2774 ei.
1835 2708 2066 2792 Bernhardyus
2094 2708 2116 2772 l.
2145 2708 2168 2773 l.
2199 2707 2343 2779 XXXll.

409 2813 519 2890 Quid?
551 2813 633 2901 quod
650 2814 687 2878 E.
712 2818 746 2878 iu
769 2815 812 2901 gl.
838 2837 863 2878 8.
888 2817 929 2877 Σι
939 2813 1101 2896 1ύύρτιος
1123 2813 1216 2879 libris
1238 2814 1371 2894 μελέτας
1396 2839 1427 2877 τε
1451 2812 1506 2877 xci
1527 2815 1694 2890 intercide
1717 2814 1818 2880 Suida
1839 2814 1937 2880 ditior
1961 2823 2018 2896 est,
2049 2819 2102 2881 cui
2125 2817 2173 2880 rei
2198 2815 2340 2879 multum

407 2921 548 2986 tribuere
577 2921 686 3003 nolim,
716 2919 802 3006 quod
828 2921 917 2986 tituli
948 2921 1057 3006 quales
1089 2921 1142 2986 hic
1169 2929 1449 2986 conmemorantur
1480 2924 1564 2987 inter
1593 2921 1758 2987 rhetorum
1785 2925 1906 3006 scripta
1935 2924 2099 2987 tritissimi
2127 2929 2223 2987 sunt:
2253 2921 2343 2988 unde

408 3027 502 3093 facile
524 3028 687 3094 suboritur
710 3031 846 3114 suspitio
868 3027 944 3093 illos
965 3027 1005 3092 ad
1028 3035 1206 3094 ceterorum
1228 3027 1469 3094 similitudinem
1494 3049 1563 3093 esse
1587 3027 1764 3105 adiunctos,
1797 3049 1979 3114 quanquam
2003 3051 2043 3093 ne
2065 3031 2098 3092 in
2122 3028 2183 3094 hac
2211 3029 2339 3115 quidem

407 3137 573 3199 notatione
599 3157 617 3198 e
640 3135 838 3220 plenioribus
867 3134 961 3199 libris
992 3133 1083 3199 illam
1115 3135 1287 3220 proiecisse
1314 3135 1518 3219 inprobabile
1547 3143 1605 3200 est.
1653 3135 1790 3200 Prorsus
1819 3141 1928 3200 autem
1952 3137 2111 3201 Nitaschii
2139 3137 2185 3221 (p.
2210 3135 2268 3222 32)
2297 3135 2341 3200 de

408 3240 512 3306 titulis
537 3240 675 3325 Περσικά
705 3246 737 3305 eb
763 3245 790 3305 Γ
784 3241 898 3304 ordered
929 3242 972 3326 (s.
997 3241 1243 3327 Προνάπους)
1274 3241 1392 3307 iudicio
1422 3241 1537 3308 accedo
1566 3263 1604 3307 ac
1633 3246 1754 3326 pariter
1777 3242 1986 3326 Bernhardyo
2016 3243 2060 3329 (p.
2083 3241 2210 3328 XXXI)
2238 3242 2337 3308 credo

408 3350 442 3411 in
466 3347 511 3434 gl.
535 3370 561 3411 s.
585 3347 816 3424 Σαλούστιος
846 3347 999 3412 librorum
1021 3348 1166 3413 tabulam
1190 3369 1209 3412 a
1232 3347 1332 3415 Suida
1359 3351 1508 3414 omissam
1537 3349 1668 3415 aliunde
1697 3352 1872 3433 sumpsisse
1895 3349 2081 3415 Eudoeiam.
2127 3349 2274 3436 Denique
2301 3352 2337 3413 in

407 3455 450 3542 gl.
480 3477 505 3520 s.
530 3458 559 3518 Σ
563 3479 632 3517 ανι·
641 3455 734 3540 οριίο
742 3479 758 3516 ι·
785 3453 965 3520 fabularum
994 3455 1061 3519 Ἰνιύ
1092 3463 1125 3522 et
1155 3456 1400 3536 Σαρδανάπαλος
1427 3457 1610 3522 memoriam
1640 3459 1733 3522 unice
1762 3457 1820 3521 illa
1851 3460 2011 3522 servavit:
2042 3477 2177 3542 quarum
2210 3457 2334 3542 quidem

407 3565 546 3649 priorem
569 3586 609 3629 ex
633 3563 754 3630 Suidae
776 3563 936 3630 codicibus
959 3573 1034 3630 autc
1057 3563 1102 3628 Ἰού
1127 3563 1264 3651 proclivi
1287 3585 1396 3628 errore
1420 3562 1579 3628 excidisse
1602 3563 1727 3648 opinari
1750 3562 1864 3629 licebit
1893 3565 2052 3648 (ceterum
2076 3565 2116 3629 ei.
2142 3563 2340 3628 Wachsmu-

407 3669 495 3735 thius
527 3669 638 3755 Symb.
666 3670 751 3736 Phil.
780 3672 882 3736 Bonn.
912 3695 943 3758 p.
975 3671 1053 3758 152)
1081 3670 1233 3758 idemque
1264 3671 1330 3736 iere
1359 3669 1398 3735 de
1426 3669 1533 3735 altera
1561 3669 1765 3735 statuendum
1797 3669 1942 3752 videtur,
1975 3669 2078 3755 quade
2107 3673 2224 3734 mirum
2256 3669 2335 3735 tulit

406 3775 558 3842 iudicium
575 3777 804 3863 Bernhardyus
823 3779 878 3864 (cf.
895 3799 976 3862 quae
991 3775 1058 3842 dixi
1073 3777 1160 3842 hius.
1176 3777 1238 3841 Rh.
1256 3799 1287 3840 n.
1305 3784 1358 3858 35,
1384 3777 1450 3861 65).
1462 3777 1490 3862 ³)
1536 3776 1727 3862 Quanquam
1750 3799 1819 3841 eam
1836 3799 1922 3841 nune
1938 3775 2067 3862 quidem
2084 3777 2125 3842 ab
2141 3779 2228 3840 omni
2245 3775 2337 3840 dubi-

405 3886 530 3949 tatione
552 3891 712 3949 exemtam
738 3885 851 3950 nolim:
883 3905 996 3970 nempe
1019 3887 1047 3948 si
1071 3883 1188 3950 Suidae
1210 3883 1352 3969 glossam
1376 3883 1624 3964 Σαρδανάπαλος
1648 3883 1689 3948 eb
1717 3883 1772 3950 illa
1802 3885 1841 3972 (s.
1866 3882 2063 3969 Σαννυρίων)
2093 3903 2192 3968 prope
2221 3883 2337 3946 abesse

408 3989 669 4075 consideraveris,
692 3993 787 4056 istam
809 4012 918 4056 vocem
942 3995 1023 4054 miro
1046 4011 1123 4055 casu
1147 3990 1211 4055 huc
1233 3997 1429 4073 pertractatu
1455 3997 1554 4076 atque
1576 3991 1610 4054 in
1633 3988 1789 4055 librorum
1814 3989 1958 4055 tabulam
1982 3993 2142 4054 intrusam
2164 4009 2234 4054 osse
2250 3987 2337 4053 haud

406 4105 525 4160 temere
547 4098 698 4161 conicias.

515 4199 634 4266 Ultimo
646 4202 715 4268 loco
725 4203 773 4289 (p.
787 4207 829 4266 42
842 4203 906 4288 sq.)
922 4201 1141 4268 additamenta
1152 4209 1306 4266 notantur
1318 4221 1400 4288 quae
1411 4209 1527 4268 extant
1538 4225 1564 4268 s.
1578 4203 1770 4288 Σιοτςριίλας,
1785 4207 1935 4287 Φιλητᾶς,
1955 4203 2065 4271 miton
2076 4201 2337 4290 (γραμματικός),

410 4305 644 4388 Χριοτόιλωρος,
655 4309 777 4392 Χάραξ.
801 4307 954 4394 Equibus
960 4309 1099 4394 glossam
1113 4331 1138 4372 s.
1154 4313 1328 4389 Φιλητᾶς
1341 4308 1571 4394 segregandam
1584 4308 1816 4376 esseFlachius
1828 4311 1895 4396 ipse
1907 4308 2335 4395 animadvertit(ci.p.166),

409 4413 481 4478 dein
507 4417 539 4478 in
562 4417 665 4501 prima
687 4437 713 4481 8.
738 4415 969 4499 Σωτηρίδας
991 4414 1076 4501 quod
1099 4415 1136 4479 Ε.
1162 4414 1263 4481 tradit
1287 4415 1458 4499 indiaque
1482 4416 1527 4491 εἰς
1544 4415 1716 4500 Ὅμηρον
1738 4416 1808 4479 καί
1832 4415 2033 4500 Μένανδρον,
2057 4415 2091 4480 S.
2115 4413 2337 4481 tanmmmodo

409 4521 581 4607 iminnpra
611 4524 656 4599 εἰς
691 4522 890 4606 ῘΙΙείἰινύρον,
921 4523 1020 4590 verba
1049 4524 1094 4600 εἰς
1116 4521 1255 4606 Ὅμηρον
1286 4525 1388 4608 ipsam
1417 4521 1542 4588 adicere
1572 4524 1715 4608 potasse
1743 4521 1918 4588 dilucidum
1948 4531 2009 4607 est,
2041 4523 2231 4606 praesertim
2262 4543 2336 4587 oum

411 4667 640 4676 ——-—·-·-———-·

518 4755 538 4820 ¹)
557 4753 710 4809 Praeterea
728 4754 756 4808 iu
779 4753 833 4808 linc
851 4753 884 4808 Ε.
911 4753 1015 4808 adiecit
1038 4753 1093 4807 καὶ
1120 4752 1225 4818 ἄλλα,
1252 4752 1346 4820 qualia
1371 4751 1563 4807 additamenta
1587 4750 1663 4807 haud
1686 4765 1750 4805 raro
1776 4751 1857 4806 obvia
1883 4749 1929 4818 (ci.
1949 4747 2113 4804 Nitxsehiue
2137 4767 2163 4820 p.
2188 4750 2233 4816 31,
2257 4765 2283 4803 n.
2306 4749 2338 4816 5,

409 4841 542 4898 Fiacbius
560 4860 588 4914 p.
606 4845 649 4909 41,
668 4859 694 4897 n
716 4843 740 4914 l)
766 4843 899 4898 Fischius
918 4844 954 4898 ab
972 4842 1115 4913 Hesychio
1139 4841 1261 4913 repetiit.
1299 4840 1395 4910 Neque
1420 4856 1455 4896 ea
1483 4841 1619 4896 similiave
1643 4839 1783 4896 interdum
1807 4839 1928 4909 quadam
1952 4839 2120 4894 auctoritate
2146 4837 2226 4892 inniti
2250 4853 2331 4908 pree·

409 4932 497 4988 fracte
515 4932 682 5002 negaverim,
707 4947 863 5000 quanquam
881 4932 1043 5002 plerumque
1062 4940 1167 4988 temere
1191 4931 1301 4987 adnexa
1318 4931 1454 5002 videntur,
1480 4931 1545 4986 hinc
1565 4939 1597 4985 ut
1614 4930 1650 4986 sd
1668 4930 1827 5000 glossarum
1845 4929 2001 4984 uberante
2019 4929 2059 4984 nil
2077 4927 2137 4984 iere
2156 4937 2243 4996 queat
2265 4941 2330 4982 ecu-

408 5021 491 5078 cludi.
526 5021 714 5076 Reminiscere
740 5021 822 5076 modo
841 5020 944 5076 Suidse
969 5021 1167 5092 Eudoeiaeque
1193 5020 1222 5075 iu
1245 5020 1348 5076 tabulis
1372 5020 1554 5090 excerpendis
1579 5020 1663 5076 istam
1686 5020 1854 5076 locutionem
1880 5017 2028 5073 admodum
2055 5018 2142 5072 luisse
2171 5017 2335 5072 sollemnem

407 5127 458 5165 nee
476 5109 614 5165 mirabere
633 5117 777 5180 unumque
796 5111 932 5166 indicibus
955 5111 1080 5180 quamvis
1103 5111 1186 5181 plene
1211 5109 1362 5181 descriptis
1385 5109 1456 5164 talis
1479 5109 1618 5164 incuriose
1645 5109 1833 5178 adspersisse.
1871 5107 1926 5162 Sed
1946 5107 2101 5162 Eudoeiam
2125 5107 2152 5161 iu
2180 5106 2283 5162 tabulis
2308 5123 2333 5161 s.

410 5201 555 5254 Βοσιλιοιός
573 5199 630 5268 (καὶ
650 5201 712 5273 περὶ
732 5196 822 5254 ἄλλων
842 5203 949 5254 πολλῶν
968 5201 1134 5274 ῥητορικῶν)
1158 5209 1229 5254 ets.
1251 5197 1405 5254 aianeoane
1432 5199 1488 5266 (sui
1509 5195 1577 5253 ἄλλα
1597 5197 1658 5252 τινὰ
1675 5198 1792 5270 χρονικὰ
1817 5199 2027 5272 σινιγραίναῐο)
2050 5196 2244 5250 describendis
2271 5195 2337 5250 dili·

407 5288 518 5358 ςιιιιὶοι
537 5297 676 5343 versatam
695 5303 760 5344 esse
777 5303 857 5344 nemo
876 5288 1010 5344 concedet
1026 5288 1073 5357 qui
1091 5287 1119 5342 in
1139 5287 1232 5358 priore
1244 5287 1404 5342 memoriam
1418 5287 1582 5357 scriptorum
1596 5287 1799 5342 rhetoricomm
1818 5285 1909 5356 (Snid.
1921 5287 1966 5340 ιιοα·
1982 5284 2072 5354 ἄλλοι),
2091 5285 2118 5339 iu
2133 5285 2224 5340 altera
2237 5267 2335 5354 opeiis

408 5377 593 5448 chronologici
612 5378 804 5447 praecessisse
817 5378 995 5448 reputaverit,
1013 5393 1170 5446 quanquam
1183 5375 1326 5432 Eudocisc
1339 5378 1409 5432 haee
1428 5377 1502 5442 „slis
1516 5377 1638 5447 scripta*
1659 5376 1802 5432 etiamtum
1820 5383 1889 5430 nota
1905 5375 1994 5431 misse
2007 5375 2122 5430 eredere
2135 5375 2209 5429 licet.
2247 5373 2335 5428 Deni-

408 5480 461 5532 que
485 5465 618 5520 librorum
646 5465 759 5520 tabulas
778 5480 813 5520 ex
832 5467 968 5520 Athenaei
988 5465 1227 5536 deipnosophistis
1254 5465 1393 5521 delibatas
1417 5465 1467 5528 (dir
1490 5486 1580 5538 φησιν
1595 5465 1757 5539 Ἀθήναιος)
1779 5464 1882 5522 Suidse
1904 5480 1959 5519 non
1984 5464 2124 5535 Hesychia
2149 5463 2258 5534 deberi,
2287 5463 2323 5517 de

408 5553 483 5608 Suid.
501 5554 588 5624 biogr.
607 5572 633 5625 p
651 5555 705 5608 482
725 5570 766 5624 sq.
785 5555 900 5625 exposui
917 5554 995 5624 (ride
1013 5563 1110 5610 conus
1128 5555 1274 5610 Flachium
1293 5554 1311 5609 l.
1332 5555 1350 5612 l.
1368 5555 1400 5610 41
1421 5572 1447 5609 n.
1470 5559 1491 5615 λ,
1515 5557 1573 5624 tet,
1592 5555 1710 5610 ethius.
1729 5553 1782 5609 Rh.
1802 5555 1845 5622 33,
1865 5553 1942 5623 200).

514 5645 537 5710 ἰ
555 5644 685 5700 Ceterum
704 5643 836 5700 Flachius
854 5641 882 5698 in
901 5643 1017 5699 violacii
1036 5643 1103 5700 edit.
1123 5661 1149 5714 p
1167 5645 1220 5698 499
1240 5644 1275 5698 ad
1294 5657 1393 5698 nomeu
1407 5642 1502 5712 ’θροις
1521 5646 1589 5700 mire
1608 5643 1739 5699 adnotat:
1761 5659 1830 5708 ,om
1849 5643 1930 5700 Π·

515 5733 537 5803 ³)
556 5731 627 5788 vide
647 5733 687 5788 sis
705 5749 776 5787 nunc
794 5732 903 5788 Flachii
922 5731 989 5788 edit.
1008 5733 1113 5788 violer.
1133 5750 1159 5803 p.
1179 5733 1242 5787 tta.
