4990 6456
1338 537 1379 596 22

394 747 495 807 tetam
518 741 726 806 notationem.
773 740 808 825 4)
830 739 937 806 vitam
960 761 985 805 a
1010 741 1144 826 Κόραξ
1168 741 1271 830 ῥήτωρ
1295 767 1313 812 e
1334 745 1435 812 Snida
1456 751 1534 810 note
1554 742 1823 830 glossograpbica
1845 743 1944 827 κόραξ
1959 783 2002 792 -
2021 743 2151 810 Oetaeis
2167 745 2327 810 memoria

393 846 478 932 apnd
493 846 694 931 Hesycbium
710 845 819 912 deerat
835 886 878 896 -
893 855 1020 913 enatem
1048 869 1117 914 esse
1140 857 1256 936 sponte
1278 851 1395 936 elucet,
1417 853 1458 918 cf.
1474 849 1660 918 Nitrschins
1674 870 1705 934 p.
1724 855 1766 914 34
1781 873 1814 914 n.
1830 856 1862 933 8,
1884 857 1920 916 at
1935 849 2089 916 Flanbius
2104 871 2135 934 p.
2152 855 2194 915 97
2210 874 2243 916 m
2261 853 2330 929 1.¹)

499 950 625 1027 Quibus
648 954 804 1038 expositis
826 955 922 1020 etiam
944 953 1033 1020 aliud
1056 954 1261 1023 considerare
1282 959 1317 1024 in
1339 960 1445 1023 animo
1469 964 1527 1026 est
1572 955 1728 1022 Videmus
1750 957 1901 1022 nimirum
1925 955 2104 1023 Eudociam
2130 957 2329 1044 aliquotiens

394 1060 490 1146 paulo
521 1058 753 1126 emendatiores
784 1067 953 1143 praestare
984 1063 1173 1146 scripturas,
1206 1063 1319 1149 qneles
1348 1065 1382 1129 ιιι
1412 1063 1531 1130 Suidee
1561 1061 1668 1129 codice
1700 1085 1794 1148 quem
1826 1061 1976 1129 adhibuit
2005 1063 2179 1129 invenerit.
2224 1064 2330 1128 Velut

394 1167 480 1256 quod
494 1166 533 1232 Ε.
547 1187 575 1232 s.
587 1164 780 1250 Ἑρμαγόρας
795 1174 860 1254 φιλ.
884 1167 1017 1234 exhibet
1033 1169 1212 1234 Μισοιιιιων
1237 1169 1255 1254 ἢ
1278 1169 1350 1255 περί
1371 1170 1599 1254 ἀτυχημάτων,
1623 1168 1712 1236 Suid.
1728 1175 1837 1234 autem
1861 1167 1940 1254 (ΒΕ
1956 1168 2063 1257 omis.)
2090 1174 2138 1234 M.
2154 1170 2174 1232 ιι
2191 1168 2264 1254 περί
2279 1171 2325 1246 εἰ,

392 1277 554 1362 scriptura
577 1273 594 1358 ᾗ
618 1295 689 1341 cum
712 1273 961 1342 Wesiermenuo
984 1274 1159 1342 Suidinnee
1182 1278 1245 1344 erit
1267 1277 1486 1364 praeferende.
1530 1275 1656 1343 Deinde
1685 1297 1710 1340 s.
1734 1276 1859 1359 Κράτης
1883 1281 1992 1340 broli.
2019 1283 2112 1342 extet
2131 1280 2167 1342 in
2190 1276 2327 1343 Violeto

395 1381 579 1466 διόρθωσιν,
609 1379 694 1468 quod
720 1379 951 1466 Bernhardyus
978 1383 1094 1448 merito
1120 1386 1251 1469 recepit,
1283 1383 1399 1450 Snidee
1425 1406 1502 1450 vero
1532 1384 1608 1450 libri
1635 1382 1812 1448 Assvam
1841 1383 1875 1448 ιιὲ
1905 1383 2049 1468 ὄρθωσιν
2079 1383 2210 1448 hebent.
2257 1381 2327 1449 Sed

393 1513 419 1556 s.
435 1485 639 1574 Halm'qeoror
653 1513 777 1572 γραμμ.
821 1487 860 1551 Ε.
885 1488 1019 1572 praebet
1041 1490 1226 1574 ἅλληγοριιις
1249 1501 1314 1556 τῶν
1335 1519 1371 1572 μ.
1395 1493 1464 1576 sip„
1487 1491 1595 1567 λιισεις
1618 1490 1699 1558 dent
1713 1489 1834 1556 Parias.
1851 1491 1988 1558 Kusteri
2013 1496 2046 1556 et
2068 1514 2112 1574 m,
2134 1488 2202 1566 λίας
2222 1493 2327 1556 ceteri

393 1595 446 1684 (nt.
468 1593 673 1679 Bernhardyi
695 1593 795 1680 ιιι),
828 1615 891 1680 qua
915 1595 948 1660 in
969 1617 1007 1660 re
1029 1595 1163 1682 adparet
1184 1597 1274 1662 illam
1302 1619 1360 1664 suo
1383 1598 1490 1664 Marte
1516 1598 1761 1682 inscriptionem
1787 1604 1939 1664 mutasse.
1985 1597 2087 1662 Porro
2112 1618 2140 1661 s.
2163 1604 2327 1680 Λογγῖνος

393 1724 434 1768 ex
448 1699 610 1768 Eudociae
625 1700 783 1785 scriptura
797 1700 1002 1788 κατοφειδιιιο
1019 1701 1172 1792 (ABVE
1188 1707 1268 1768 κατὰ
1284 1703 1413 1792 petito)
1437 1725 1502 1770 non
1517 1704 1656 1770 multum
1671 1702 1845 1788 lucramur,
1860 1705 1986 1769 etiamsi
2001 1703 2233 1789 Langbaenius
2247 1725 2329 1788 pro-

395 1809 489 1873 bante
511 1807 704 1874 Ruhnkenio
728 1811 807 1872 κατὰ
824 1801 1003 1872 Μειδίου
1024 1807 1099 1874 iude
1122 1811 1235 1877 refecit
1257 1811 1335 1898 (vid.
1351 1810 1555 1896 Bernhardyi
1577 1809 1676 1898 adn).
1722 1811 1869 1896 Denique
1892 1832 1918 1874 s.
1935 1810 2071 1892 Σήιολλα
2094 1809 2266 1894 Ἐριιθραιιι
2280 1809 2327 1876 Ε.

393 1913 511 1980 Suidae
532 1914 738 1980 librariorum
760 1915 875 1982 menda
898 1915 941 2002 (Ε
964 1916 1132 2000 ..αρδίνηη
1156 1918 1184 1982 B
1207 1917 1384 2002 ouod'tisqv
1409 1919 1442 1982 V
1464 1919 1524 2002 γὰρ
1548 1918 1658 2000 δ’ἁνιμ,
1682 1939 1713 1982 v.
1738 1915 1921 2002 Σαρδάνιμ)
1943 1915 2081 2000 proclivi
2102 1915 2329 1981 emendafioue

391 2021 570 2106 ..αριιιανὴν
594 2025 733 2088 sanavit.

498 2130 569 2195 Iam
591 2151 692 2194 uuum
714 2137 861 2214 superest
882 2130 1065 2216 exemplum
1095 2131 1181 2218 quod
1207 2134 1352 2218 opinioni
1381 2137 1511 2199 nostrae
1541 2131 1707 2200 adversari
1735 2131 1873 2196 videtur.
1919 2131 2003 2196 Nam
2025 2130 2204 2198 Eudociam
2232 2155 2253 2198 a
2273 2134 2328 2218 gl.

391 2237 602 2312 Κάλλιππος
592 2258 627 2302 ιιι
649 2237 695 2324 gl.
720 2235 818 2320 Κέβης
841 2236 1011 2303 aberrasse
1034 2242 1160 2304 monuit
1182 2239 1385 2306 Nietzsnhius
1408 2237 1595 2324 (blust.
1622 2237 1791 2322 22,193),
1820 2259 1916 2322 quem
1944 2236 2071 2323 quidem
2098 2259 2239 2304 errorem
2267 2261 2327 2306 ex-

392 2344 506 2430 plicari
532 2365 626 2429 posse
654 2345 795 2430 negavit,
828 2344 891 2408 nisi
921 2347 956 2408 iu
977 2343 1138 2410 Eudociee
1170 2346 1259 2410 fonte
1288 2345 1347 2432 (sc.
1371 2345 1552 2432 Hesychio)
1579 2347 1614 2410 hi
1643 2344 1706 2411 duo
1736 2345 1863 2410 articuli
1886 2343 2036 2431 —apud
2060 2344 2195 2412 Suidnm
2223 2345 2329 2432 longe

392 2455 477 2516 inter
498 2473 534 2516 se
556 2449 679 2516 dicem
699 2487 745 2498 -·
766 2450 911 2534 proxime
934 2451 1074 2518 fuissent
1097 2451 1265 2516 conlocati.
1311 2449 1375 2516 Sed
1398 2472 1487 2518 nuuc
1508 2452 1631 2518 Flachii
1655 2453 1703 2538 (p.
1729 2457 1769 2515 97
1794 2473 1825 2514 n.
1852 2457 1884 2535 2,
1906 2474 1938 2537 p.
1965 2457 1995 2534 9,
2019 2451 2100 2516 Viol.
2125 2449 2174 2516 ed.
2190 2475 2223 2537 p.
2240 2455 2325 2538 446)

393 2561 479 2622 curis
502 2557 718 2624 Villoisonum
740 2556 868 2643 glossas
891 2556 1151 2643 conglutinendo
1166 2557 1351 2624 turbavisse
1375 2565 1512 2636 constat,
1543 2581 1642 2645 quare
1668 2559 1806 2624 alterins
1834 2579 1950 2623 nomen
1980 2557 2160 2644 principale
2184 2557 2329 2645 (Κέβης)

391 2665 580 2750 absorptum
603 2671 662 2730 est.

499 2771 560 2836 His
583 2770 729 2836 omnibus
752 2771 949 2855 argumentis
972 2791 1073 2834 unum
1095 2769 1228 2854 accedit,
1252 2793 1314 2856 quo
1339 2779 1486 2836 nostrum
1510 2771 1549 2837 de
1571 2778 1642 2838 tota
1663 2795 1699 2838 re
1721 2770 1875 2838 iudicium
1897 2793 1962 2836 non
1977 2773 2084 2836 minus
2099 2769 2232 2836 firmiter
2248 2791 2328 2836 con-

392 2880 572 2945 roboratnr.
617 2877 790 2942 Enimvero
818 2879 882 2942 iam
909 2876 1097 2944 Nitzsobius
1125 2878 1173 2963 (p.
1198 2883 1239 2942 43
1268 2879 1335 2966 sq.)
1363 2878 1547 2965 conpluries
1575 2880 1812 2965 scripturas
1840 2877 2109 2945 Eudocianas
2136 2900 2224 2946 cum
2255 2878 2329 2944 de·

393 2987 592 3052 teriorum
621 2983 769 3050 Suidae
797 2983 1004 3050 librorum
1032 2985 1264 3069 scripturis
1294 2985 1410 3050 mirum
1440 2987 1474 3050 in
1504 2985 1632 3052 modum
1663 2989 1907 3071 conspirare
1938 2984 2177 3051 animadvertit
2223 2983 2325 3048 Addo

393 3099 501 3157 autem
528 3091 686 3176 exemplis
714 3090 755 3156 ab
783 3090 842 3156 illo
873 3093 1035 3176 congestis
1065 3093 1216 3176 graviora
1245 3091 1411 3219 qnaedem,
1443 3113 1579 3177 qnorum
1607 3091 1749 3158 indolem
1779 3093 2000 3178 unusquisque
2028 3091 2102 3156 ilico
2132 3093 2326 3178 perspiciet:

394 3221 420 3264 s.
438 3199 585 3282 Αρατσς,
609 3196 784 3285 Εὐφορίων,
808 3197 916 3262 Σόλων
940 3197 984 3284 (V
1007 3205 1093 3263 recte
1117 3197 1158 3260 ‹ls'
1182 3197 1336 3280 ἐλε,ειὀιν,
1368 3204 1443 3266 cett
1472 3199 1507 3263 δὲ
1529 3201 1678 3284 ἐλεγείας,
1701 3199 1785 3266 nude
1807 3198 1892 3264 End.
1916 3199 2033 3266 vocula
2057 3197 2091 3262 ‹ls'
2114 3199 2232 3264 omissa
2253 3199 2327 3262 ἑλε-

394 3304 460 3388 per'c
464 3332 478 3380 ς
502 3303 614 3392 dedit),
639 3303 832 3388 Φωκυλίδης,
855 3305 973 3390 Ἰσφων,
997 3302 1146 3380 Λεύκων,
1176 3304 1358 3382 Φιλιστίων,
1379 3305 1659 3390 Ἕιιίχαριιοςμαι
1634 3333 1779 3392 ωσατρος
1803 3332 1896 3388 neom,
1928 3305 2122 3386 θεόπομπος,
2144 3305 2327 3387 Ayatebg,

396 3416 508 3488 Ιιια,σς
530 3411 659 3492 Κάδμος
674 3412 777 3494 Ἀρχ.
801 3410 999 3498 (scripsitE.
1016 3436 1066 3473 και
1064 3409 1293 3474 Λυκῖνον-
1317 3411 1375 3476 ubi
1397 3433 1490 3478 cesus
1513 3421 1600 3480 certe
1622 3411 1798 3479 servandus
1821 3415 1941 3482 erit-
1896 3437 2025 3476 -και
2021 3411 2191 3491 Κάδμον,
2214 3419 2328 3480 secuta

394 3517 494 3584 verba
515 3539 597 3603 quae
619 3519 767 3584 extant
759 3540 792 3582 ιιι
816 3539 865 3580 m:
894 3524 961 3582 λοι.
989 3517 1084 3594 scel.
1130 3514 1244 3590 Qualis
1272 3518 1454 3584 observatio
1484 3525 1640 3605 quantum
1667 3520 1707 3586 ad
1737 3541 1797 3586 sua
1822 3521 1925 3606 ipsius
1953 3519 2074 3606 placite
2103 3515 2327 3584 labefactanda

392 3627 503 3692 rsleat
524 3648 565 3692 ue
587 3625 755 3692 Flechium
778 3626 905 3712 quidem
927 3625 1165 3712 subterfugisse
1188 3623 1317 3691 videtur
1340 3626 1395 3712 (ot
1418 3649 1450 3712 p.
1476 3631 1516 3690 99
1541 3627 1614 3714 sq),
1645 3626 1697 3692 hio
1724 3633 1831 3692 tamen
1859 3624 2047 3710 scrupulum
2077 3625 2175 3688 moris
2204 3621 2326 3688 ariola-

394 3733 537 3798 tiouibns
560 3732 719 3818 expellere
741 3731 879 3818 studuit,
902 3755 983 3819 quas
1006 3734 1147 3798 refutare
1170 3732 1303 3818 longum
1327 3739 1385 3798 est
1432 3733 1553 3818 Ecquis
1568 3734 1651 3798 enim
1666 3755 1730 3798 non
1744 3732 1895 3818 reprobet
1911 3731 2072 3817 effugium,
2097 3752 2160 3818 quo
2176 3731 2327 3797 librarios

394 3840 556 3906 Eudociee
579 3839 742 3924 exemplar
764 3839 804 3906 ed
827 3840 1001 3906 deteriores
1024 3839 1143 3906 Suidee
1165 3838 1267 3905 libros
1290 3839 1487 3926 aliquotiens
1510 3843 1704 3924 connexisse,
1726 3848 1784 3905 eut
1805 3837 1888 3904 illud
1912 3859 1975 3924 quo
1993 3837 2171 3904 Violarinm
2191 3835 2327 3902 eSuida

394 3947 530 4033 posthac
560 3947 790 4032 interpolatum
820 3947 872 4012 vel
901 3947 1130 4032 amplificatum
1163 3968 1233 4012 esse
1262 3947 1316 4034 (cf.
1347 3968 1374 4012 e.
1398 3971 1430 4032 g.
1453 3946 1594 4033 glossam
1622 3969 1647 4010 s.
1672 3944 1833 4030 Μαρψωις
1865 3944 2009 4012 eSuida
2032 3983 2074 3994 —
2098 3943 2137 4009 de
2159 3943 2325 4028 Hesychic

395 4063 494 4131 taceo,
517 4055 558 4120 ci.
575 4053 726 4120 Flacbius
750 4077 780 4140 p.
805 4061 845 4120 97
870 4075 901 4118 n.
924 4061 955 4138 3,
979 4052 1065 4118 Viol.
1082 4075 1113 4137 p.
1131 4058 1195 4118 496
1210 4091 1252 4100 -
1265 4075 1321 4138 per
1336 4052 1514 4119 Endcciem
1537 4051 1772 4140 depromptam)
1796 4051 2000 4139 opiuetm?²)
2046 4052 2197 4136 Denique
2212 4049 2267 4115 vix
2282 4071 2323 4114 sc

394 4183 435 4226 ue
463 4163 521 4226 vix
552 4160 680 4247 quidem
708 4167 815 4246 potest
844 4161 991 4247 intellegi
1021 4162 1077 4247 qui
1106 4160 1228 4226 lantum
1256 4162 1311 4244 sit,
1341 4165 1378 4226 nt
1408 4159 1553 4226 Endocie
1582 4158 1701 4227 Suidae
1728 4160 1854 4226 lexicon
1883 4159 2032 4246 abiceret,
2061 4157 2322 4243 Etymolngicnm

393 4266 552 4352 Magnum
576 4267 660 4353 qnod
681 4269 775 4336 siunt
797 4269 986 4333 recentioris
1008 4269 1081 4332 sevi
1102 4267 1214 4332 sedulo
1237 4266 1414 4351 conpilaret
1437 4265 1491 4353 (cf.
1512 4266 1819 4354 Flachiusp.101).
1867 4264 1947 4341 Quis
1970 4263 2127 4332 eiusmodi
2142 4262 2326 4330 rationibus

394 4371 544 4439 inductus
566 4375 629 4440 sibi
651 4375 857 4463 persuadebit
879 4373 997 4442 Suidae
1020 4379 1158 4440 aetatem
1181 4373 1223 4438 ad
1245 4372 1403 4460 liquidum
1426 4374 1567 4438 nondum
1590 4395 1660 4440 esse
1683 4373 1908 4460 exploratam?

395 4712 458 4819 lle
495 4711 656 4818 ceteris
695 4711 924 4845 capitibus
962 4711 1233 4846 plerumque
1263 4586 1367 4817 llll
1390 4586 1736 4845 biographicis
1782 4743 1900 4844 quae
1938 4709 2079 4818 hebet
2118 4707 2323 4814 Eudccia

1068 4904 1174 4980 cum
1212 4870 1353 4980 Suide
1391 4873 1654 4980 conmunia.

501 5047 574 5114 Una
595 5049 789 5136 relinquitur
810 5069 909 5114 censa
930 5071 1013 5136 qnae
1035 5048 1291 5114 adversariorum
1315 5051 1506 5114 sententiam
1528 5051 1614 5114 tueri
1637 5050 1777 5116 fortasse
1798 5049 1912 5134 possit.
1958 5047 2008 5112 De
2035 5067 2100 5133 qua
2127 5043 2320 5132 explicatius

394 5155 545 5220 disseruit
566 5154 719 5223 Flacbins
740 5179 772 5243 p.
801 5165 841 5223 76
867 5179 914 5244 sq.
940 5157 994 5244 (σι.
1018 5155 1208 5222 Nitasohius
1228 5177 1261 5241 p.
1284 5162 1328 5220 34
1352 5155 1417 5242 sq.)
1446 5157 1495 5220 sic
1516 5155 1583 5220 lere
1604 5161 1865 5240 argumentatus:
1895 5153 1929 5222 Si
1951 5151 2111 5219 Eudooiae
2139 5161 2319 5218 ceterorum

505 5335 528 5404 ¹)
546 5333 575 5388 S.
592 5337 773 5408 Διοσκορίδης
792 5335 861 5390 dnos
881 5333 994 5390 Suidsm
1013 5331 1183 5388 confundere
1196 5331 1378 5386 Dioscorides
1397 5332 1500 5387 dudum
1518 5333 1689 5388 intellectum
1708 5339 1762 5400 est,
1781 5332 1894 5402 qualem
1913 5346 2037 5386 errorem
2054 5330 2110 5384 iam
2130 5329 2165 5384 ab
2177 5329 2320 5398 llespcbio

395 5421 562 5478 conmissum
581 5439 645 5479 esse
664 5422 780 5479 Flscbio
800 5427 841 5494 (p.
860 5425 905 5491 95,
923 5440 950 5478 u.
969 5423 998 5492 3)
1017 5421 1113 5490 credo,
1133 5420 1257 5491 quemvis
1274 5437 1330 5475 non
1347 5429 1499 5491 propterea
1518 5422 1591 5489 qnod
1610 5421 1643 5476 F.
1663 5421 1759 5476 itidem
1778 5421 1859 5492 lapsa
1878 5421 1923 5476 sir.

504 5511 527 5578 ¹)
546 5511 708 5581 Quanquam
725 5529 780 5568 non
798 5511 900 5568 desunt
917 5511 1030 5582 glossas
1050 5519 1152 5582 poster
1169 5509 1278 5566 demum
1297 5523 1312 5564 e
1331 5507 1417 5564 Snide
1436 5509 1494 5564 sive
1513 5509 1626 5566 aliunde
1650 5525 1701 5580 per
1726 5509 1942 5580 interpolatores
1968 5509 2094 5566 adiectam
2119 5507 2166 5578 (oi.
2186 5505 2325 5562 Flaobius

396 5597 415 5650 l.
435 5599 454 5653 b
476 5601 525 5654 153
544 5615 594 5672 sq,
612 5601 666 5655 164
686 5602 760 5671 sq),
778 5616 845 5656 cnse
864 5609 958 5656 umen
977 5600 1137 5656 notationes
1156 5613 1228 5668 qnee
1246 5613 1308 5652 cum
1326 5596 1469 5654 Snidisuis
1487 5598 1585 5654 mirum
1602 5599 1631 5654 in
1649 5597 1760 5654 modum
1779 5608 1863 5668 etque
1886 5601 1969 5656 etism
1987 5599 2015 5653 tn
2039 5597 2182 5653 erroribus
2204 5611 2322 5652 consen

395 5687 470 5744 tinnt
487 5703 581 5745 omues
599 5689 637 5746 ed
655 5689 771 5746 eandem
788 5706 912 5747 normam
934 5697 1002 5762 post
1019 5689 1175 5746 Endncism
1193 5687 1349 5744 ιοσσιιιιιι
1368 5687 1522 5744 arbitrem.
